@inproceedings{ham2005semisupervised,
  title={Semisupervised alignment of manifolds.},
  author={Ham, Jihun and Lee, Daniel D and Saul, Lawrence K},
  booktitle={AISTATS},
  pages={120--127},
  year={2005}
}

@article{fastjofc,
  title={Fast embedding for jofc using the raw stress criterion},
  author={Lyzinski, V. and Park, Y. and Priebe, Carey E and Trosset, Michael W},
  journal={Journal of Computational and Graphical Statistics},
  year={2016}
}

@article{jaccard,
  title={Friends and neighbors on the Web},
  author={Adamic, L. A. and Adar, E.},
  journal={Social Networls},
  pages={211--230},
  year={2003}
}

@article{fishbrain,
  title={Simultaneous wholeanimal 3D imaging of neuronal activity using light-field microscopy},
  author={Prevedel, R. and Yoon, Y.-G. and Pak, M. and Wetzstein, N. and Kato, G. and Schrodel, S. and Raskar, T. and Zimmer, R. and Boyden, M. and Vaziri, A.},
  journal={Nature Methods},
  year={2014}
}

@article{fishbrainScan,
  title={Anomaly Detection on Whole-Brain Functional Imaging of Neuronal Activity using Graph Scan Statistics},
  author={Park, Youngser and Wang, Heng and Nobauer, Tobias and Vaziri, Alipasha},
  journal={21st ACM SIGKDD Conference on knowledge Discovery and Data Mining},
  year={2015}
}

@article{leeuw2008multidimensional,
  title={Multidimensional scaling using majorization: SMACOF in R},
  author={Leeuw, Jan de and Mair, Patrick},
  year={2008}
}
@article{woodbury1950inverting,
  title={Inverting modified matrices},
  author={Woodbury, Max A},
  journal={Memorandum report},
  volume={42},
  pages={106},
  year={1950},
  publisher={Statistical Research Group, Princeton University}
}
@inproceedings{sharma2012generalized,
  title={Generalized multiview analysis: A discriminative latent space},
  author={Sharma, Abhishek and Kumar, Abhishek and Daume, Hal and Jacobs, David W},
  booktitle={Computer Vision and Pattern Recognition (CVPR), 2012 IEEE Conference on},
  pages={2160--2167},
  year={2012},
  organization={IEEE}
}
@inproceedings{ham2003learning,
  title={Learning high dimensional correspondences from low dimensional manifolds},
  author={Ham, Ji Hun and Lee, Daniel D and Saul, Lawrence K},
  booktitle={ICML},
  year={2003}
}
@phdthesis{castle2012quasi,
  author       = {Castle, B.},
  title        = {Quasi-newton methods for stochastic optimization and proximity-based methods for disparate information fusion},
  school       = {Indiana University},
  year         = {2012},
  address      = {Department of Computer Science}
}
@article{prevedel2014simultaneous,
  title={Simultaneous whole-animal 3D imaging of neuronal activity using light-field microscopy},
  author={Prevedel, R. and Yoon, Y.-G. and Hoffmann, M. and Pak, N. and Wetzstein, G. and Kato, S. and Schr{\"o}del, T. and Raskar, R. and Zimmer, M. and Boyden, E. S. and Vaziri, A.},
  journal={Nature methods},
  year={2014},
  publisher={Nature Publishing Group}
}
@article{trosset2008out,
  title={The out-of-sample problem for classical multidimensional scaling},
  author={Trosset, M. W. and Priebe, C. E.},
  journal={Computational statistics \& data analysis},
  volume={52},
  number={10},
  pages={4635--4642},
  year={2008},
  publisher={Elsevier}
}
@inproceedings{fishes,
title={Anomaly detection on whole-brain functional imaging of neuronal activity using graph scan statistics},
author={ Park, Y. and Wang, H. and Nobauer, T. and Vaziri, A. and Priebe, C. E.},
booktitle={ACM Conference on Knowledge Discovery and Data Mining, Workshop on Outlier Definition, Detection, and Description},
year={2015}
}.
@phdthesis{joos,
  title={Disparate information fusion in the dissimilarity framework},
  author={Ma, Z.},
  year={2010},
  school={Johns Hopkins University}
}
@misc{commandeur1993mathematical,
  title={Mathematical derivations in the proximity scaling (PROXSCAL) of symmetric data matrices},
  author={Commandeur, J.J.F. and Heiser, W.J.},
  year={1993},
  publisher={Leiden: Department of Data Theory, University of Leiden}
}
@inproceedings{heiser1988proxscal,
  title={PROXSCAL, multidimensional scaling of proximities},
  author={Heiser, W.J.},
  booktitle={International meeting on the analysis of multiway data matrices, software guide},
  pages={77--81},
  year={1988}
}
@article{de1980multidimensional,
  title={Multidimensional scaling with restrictions on the configuration},
  author={De Leeuw, J. and Heiser, W. J.},
  journal={Multivariate analysis},
  volume={5},
  pages={501--522},
  year={1980}
}
@article{harshman1984parafac,
  title={The PARAFAC model for three-way factor analysis and multidimensional scaling},
  author={Harshman, R. A. and Lundy, M. E.},
  journal={Research methods for multimode data analysis},
  pages={122--215},
  year={1984},
  publisher={New York: Praeger}
}
@article{de1984upper,
  title={Upper bounds for Kruskal's stress},
  author={De Leeuw, J. and Stoop, I.},
  journal={Psychometrika},
  volume={49},
  number={3},
  pages={391--402},
  year={1984},
  publisher={Springer}
}
@article{bengio2004out,
  title={Out-of-sample extensions for lle, isomap, mds, eigenmaps, and spectral clustering},
  author={Bengio, Y. and Paiement, J.-F. and Vincent, P. and Delalleau, O. and Le Roux, N. and Ouimet, M.},
  journal={Advances in neural information processing systems},
  volume={16},
  pages={177--184},
  year={2004},
  publisher={Cambridge, MA, USA: MIT Press}
}
@techreport{kearsley1995solution,
  title={The solution of the metric {STRESS} and {SSTRESS} problems in multidimensional scaling using {N}ewton's method},
  author={Kearsley, A. J. and Tapia, R. A. and Trosset, M. W.},
  year={1995},
  institution={DTIC Document}
}
@article{deerwester1990indexing,
  title={Indexing by latent semantic analysis},
  author={Deerwester, S. C. and Dumais, S. T. and Landauer, T. K. and Furnas, G. W. and Harshman, R. A.},
  journal={JASIS},
  volume={41},
  number={6},
  pages={391--407},
  year={1990}
}
@article{hubert1985comparing,
  title={Comparing partitions},
  author={Hubert, L. and Arabie, P.},
  journal={Journal of Classification},
  volume={2},
  number={1},
  pages={193--218},
  year={1985},
  publisher={Springer}
}
@article{johnson1967hierarchical,
  title={Hierarchical clustering schemes},
  author={Johnson, S. C.},
  journal={Psychometrika},
  volume={32},
  number={3},
  pages={241--254},
  year={1967},
  publisher={Springer}
}
@article{shen2014manifold,
  title={Manifold Matching using Shortest-Path Distance and Joint Neighborhood Selection},
  author={Shen, Cencheng and Vogelstein, Joshua T. and Priebe, Carey E},
  journal={arXiv preprint arXiv:1412.4098},
  year={2016}
}
}
@article{gower2006application,
  title={An application of the modified {L}everrier--{F}addeev algorithm to the spectral decomposition of symmetric block-circulant matrices},
  author={Gower, J. C.},
  journal={Computational Statistics and Data Analysis},
  volume={50},
  number={1},
  pages={89--106},
  year={2006},
  publisher={Elsevier}
}
@techreport{gower1990applications,
  title={Applications of the Modified {L}everrier-{F}addeev Algorithm for the Construction of Explicit Matrix Spectral Decompositons and Inverses},
  journal={Utilitas Mathematica},
  volume={40},
  pages={51--64},
  author={Gower, J. C. and Groenen, P. J. F.},
  year={1990},
  institution={University of Leiden}
}
@article{de2011multidimensional,
  title={Multidimensional scaling using majorization: {SMACOF} in {R}},
  author={De Leeuw, J. and Mair, P.},
  journal={Department of Statistics, UCLA},
  year={2011}
}
@inproceedings{MMHLT2,
  title={Inferring a semantic representation of text via cross-language correlation analysis},
  author={Vinokourov, A. and Cristianini, N. and Shawe-Taylor, J. S.},
  booktitle={Advances in Neural Information Processing Systems},
  pages={1473--1480},
  year={2002}
}
@inproceedings{MMHLT3,
  title={A web-based kernel function for measuring the similarity of short text snippets},
  author={Sahami, M. and Heilman, T. D.},
  booktitle={Proceedings of the 15th {I}nternational {C}onference on the World Wide Web},
  pages={377--386},
  year={2006},
  organization={ACM}
}
@inproceedings{MMML1,
  title={Manifold alignment using Procrustes analysis},
  author={Wang, C. and Mahadevan, S.},
  booktitle={Proceedings of the 25th International Conference on Machine Learning},
  pages={1120--1127},
  year={2008},
  organization={ACM}
}
@inproceedings{MMHLT1,
  title={Cross-Instance Tuning of Unsupervised Document Clustering Algorithms.},
  author={Karakos, D. and Eisner, J. and Khudanpur, S. and Priebe, C. E.},
  booktitle={HLT-NAACL},
  pages={252--259},
  year={2007},
  organization={Citeseer}
}
@article{sunpriebe2013,
  title={Efficiency investigation of manifold matching for text document classification},
  author={Sun, M. and Priebe, C. E.},
  journal={Pattern Recognition Letters},
  volume={34},
  number={11},
  pages={1263--1269},
  year={2013},
  publisher={Elsevier}
}
@inproceedings{MMML2,
  title={Manifold Alignment without Correspondence.},
  author={Wang, C. and Mahadevan, S.},
  booktitle={IJCAI},
  volume={2},
  year={2009}
}

@article{idio3,
  title={An alternative procedure for the analysis of similarity data and its comparison to the Idioscal-and Indscal-procedure},
  author={Schulz, U.},
  journal={Lantermann (Eds.), Similarity and choice},
  pages={140--149},
  year={1980}
}
@article{idioscal,
  title={Models and methods for three-way multidimensional scaling},
  author={Carroll, J. D. and Wish, M.},
  journal={Contemporary developments in mathematical psychology},
  volume={2},
  pages={57--105},
  year={1974}
}
@article{indscal,
  title={Analysis of individual differences in multidimensional scaling via an N-way generalization of “Eckart-Young” decomposition},
  author={Carroll, J. D. and Chang, J.-J.},
  journal={Psychometrika},
  volume={35},
  number={3},
  pages={283--319},
  year={1970},
  publisher={Springer}
}

@article{MMCV2,
  title={Canonical correlation analysis: An overview with application to learning methods},
  author={Hardoon, D. and Szedmak, S. and Shawe-Taylor, J. S.},
  journal={Neural Computation},
  volume={16},
  number={12},
  pages={2639--2664},
  year={2004},
  publisher={MIT Press}
}
@inproceedings{MMCV3,
  title={Inferring 3D body pose from silhouettes using activity manifold learning},
  author={Elgammal, A. and Lee, C.-S.},
  booktitle={Proceedings of the 2004 IEEE Computer Society Conference on Computer Vision and Pattern Recognition, 2004},
  volume={2},
  pages={II--681},
  year={2004},
  organization={IEEE}
}
@article{MMCV4,
  title={Learning and matching of dynamic shape manifolds for human action recognition},
  author={Wang, L. and Suter, D.},
  journal={Image Processing, IEEE Transactions on},
  volume={16},
  number={6},
  pages={1646--1661},
  year={2007},
  publisher={IEEE}
}
@article{MMML3,
  title={Data fusion and multicue data matching by diffusion maps},
  author={Lafon, S. and Keller, Y. and Coifman, R. R.},
  journal={Pattern Analysis and Machine Intelligence, IEEE Transactions on},
  volume={28},
  number={11},
  pages={1784--1797},
  year={2006},
  publisher={IEEE}
}



@incollection{MMCV1,
  title={Generalized image matching: Statistical learning of physically-based deformations},
  author={Nastar, C. and Moghaddam, B. and Pentland, A.},
  booktitle={Computer Vision ECCV'96},
  pages={589--598},
  year={1996},
  publisher={Springer}
}
@article{tenenhaus2011regularized,
  title={Regularized generalized canonical correlation analysis},
  author={Tenenhaus, A. and Tenenhaus, M.},
  journal={Psychometrika},
  volume={76},
  number={2},
  pages={257--284},
  year={2011},
  publisher={Springer}
}
@article{kettenring1971canonical,
  title={Canonical analysis of several sets of variables},
  author={Kettenring, J. R.},
  journal={Biometrika},
  volume={58},
  number={3},
  pages={433--451},
  year={1971},
  publisher={Biometrika Trust}
}
@article{shen2014manifold,
  title={Manifold Matching using Shortest-Path Distance and Joint Neighborhood Selection},
  author={Shen, C. and Priebe, C. E.},
  journal={arXiv preprint, arXiv:1412.4098},
  year={2014}
}
@article{sun2013generalized,
  title={Generalized canonical correlation analysis for disparate data fusion},
  author={Sun, M. and Priebe, C. E. and Tang, M.},
  journal={Pattern Recognition Letters},
  volume={34},
  number={2},
  pages={194--200},
  year={2013},
  publisher={Elsevier}
}
@article{ma2012fusion,
  title={Fusion and inference from multiple data sources in a commensurate space},
  author={Ma, Z. and Marchette, D. J. and Priebe, C. E.},
  journal={Statistical Analysis and Data Mining},
  volume={5},
  number={3},
  pages={187--193},
  year={2012},
  publisher={Wiley Online Library}
}
@incollection{scholkopf1997kernel,
  title={Kernel principal component analysis},
  author={Sch{\"o}lkopf, B. and Smola, A. and M{\"u}ller, K.-R.},
  booktitle={Artificial Neural Networks—ICANN'97},
  pages={583--588},
  year={1997},
  publisher={Springer}
}
@article{torgerson1952multidimensional,
  title={Multidimensional scaling: I. {T}heory and method},
  author={Torgerson, W. S.},
  journal={Psychometrika},
  volume={17},
  number={4},
  pages={401--419},
  year={1952},
  publisher={Springer}
}
@book{cox2010multidimensional,
  title={Multidimensional scaling},
  author={Cox, T. F. and Cox, M. A. A.},
  year={2010},
  publisher={CRC Press}
}
@book{borg2005modern,
  title={Modern Multidimensional Scaling: Theory and Applications},
  author={Borg, I. and Groenen, P. J. F.},
  year={2005},
  publisher={Springer}
}
@book{jolliffe2005principal,
  title={Principal component analysis},
  author={Jolliffe, I.},
  year={2005},
  publisher={Wiley Online Library}
}
@article{pan2010survey,
  title={A survey on transfer learning},
  author={Pan, S. J. and Yang, Q.},
  journal={Knowledge and Data Engineering, IEEE Transactions on},
  volume={22},
  number={10},
  pages={1345--1359},
  year={2010},
  publisher={IEEE}
}
@article{adali2013fidelity,
  title={Fidelity-Commensurability Tradeoff in Joint Embedding of Disparate Dissimilarities},
  author={Adali, S. and Priebe, C. E.},
  journal={Journal of Classification},
  volume={To appear},
  year={2015}
}
@book{gandj,
  title={Computers and intractability: A guide to the theory of NP-completeness},
  author={Garey, M.R. and Johnson, D.S.},
  year={1979},
  publisher={   W.H. Freeman}
}
@article{shi,
  title={Normalized cuts and image segmentation},
  author={Shi, J. and Malik, J.},
  journal={Pattern Analysis and Machine Intelligence, IEEE Transactions on},
  volume={22},
  number={8},
  pages={888--905},
  year={2000},
  publisher={IEEE}
}
@article{FillLyzinski,
year={online in 2012},
journal={Journal of Theoretical Probability},
doi={10.1007/s10959-012-0457-9},
title={Hitting Times and Interlacing Eigenvalues: A Stochastic Approach Using Intertwinings},
publisher={Springer US},
keywords={Markov chains; Hitting times; Interlacing eigenvalues; Intertwinings; Primary 60J10; Secondary 60J27; 15A18},
author={Fill, James Allen and Lyzinski, Vince},
language={English}
}
@article{oos,
  title={Out-of-sample extension for latent position graphs},
  author={Tang, M. and Park, Y. and Priebe, C. E.},
  journal={arXiv preprint, arXiv:1305.4893},
  year={2013}
}
@article{perfectclust,
  title={Perfect clustering for stochastic block model graphs via adjacency spectral embedding},
  author={ Lyzinski, V. and Sussman, D. and Tang, M. and Athreya, A. and Priebe, C. E.},
  journal={arXiv preprint, arXiv:1310.0532},
  year={2013}
}
@article{clt,
  title={A limit theorem for scaled eigenvectors of random dot product graphs},
  author={Athreya, A. and Lyzinski, V. and Marchette, D. J. and Priebe, C. E. and Sussman, D. L. and Tang, M.},
  journal={arXiv preprint, arXiv:1305.7388},
  year={2013}
}
@article{wrg2,
title={MIGRAINE: MRI graph reliability analysis and inference for connectomics},
author={Gray, W. R. and  et al.},
journal={GlobalSIP},
year={2013}
}
@article{wrg1,
  title={Magnetic resonance connectome automated pipeline: an overview},
  author={Gray, W. R. and Bogovic, J. A. and Vogelstein, J. T. and Landman, B. A. and Prince, J. L. and Vogelstein, R. J.},
  journal={Pulse, IEEE},
  volume={3},
  number={2},
  pages={42--48},
  year={2012},
  publisher={IEEE}
}
@article{ssdd,
  title={Strong stationary duality for diffusion processes},
  author={Fill, J.A. and Lyzinski, V.},
  journal={In preparation},
  year={2013}
}
@article{kmeans,
  title={Algorithm AS 136: A k-means clustering algorithm},
  author={Hartigan, J. A. and Wong, M. A.},
  journal={Journal of the Royal Statistical Society. Series C (Applied Statistics)},
  volume={28},
  number={1},
  pages={100--108},
  year={1979},
  publisher={JSTOR}
}
@article{ssc,
  title={Sparse subspace clustering: Algorithm, theory, and applications},
  author={Elhamifar, E. and Vidal, R.},
  year={2012},
  publisher={IEEE}
}
@article{jovo,
  title={Robust Multimodal Graph Matching: Sparse Coding Meets Graph Matching},
  author={Fiori, M. and Sprechmann, P. and Vogelstein,  J. and  Musé, P. and  Sapiro, G.},
  journal={Neural Information Processing Systems (NIPS) spotlight},
  year={2013},
}
@article{mclust,
  title={MCLUST: Software for model-based cluster analysis},
  author={Fraley, C. and Raftery, A. E.},
  journal={Journal of Classification},
  volume={16},
  number={2},
  pages={297--306},
  year={1999},
  publisher={Springer}
}
@article{perfectclust,
  title={Perfect clustering for stochastic block model graphs via adjacency spectral embedding},
  author={ Lyzinski, V. and Sussman, D. and Tang, M. and Athreya, A. and Priebe, C. E.},
  journal={arXiv preprint, arXiv:1310.0532},
  year={2013}
}
@article{oli,
  title={Concentration of the adjacency matrix and of the Laplacian in random graphs with independent edges},
  author={Oliveira, R. I.},
  journal={arXiv preprint, arXiv:0911.0600},
  year={2009}
}
@inproceedings{km+,
  title={k-means++: The advantages of careful seeding},
  author={Arthur, David and Vassilvitskii, Sergei},
  booktitle={Proceedings of the eighteenth annual ACM-SIAM symposium on Discrete algorithms},
  pages={1027--1035},
  year={2007},
  organization={Society for Industrial and Applied Mathematics}
}
@article{km|,
  title={Scalable k-means++},
  author={Bahmani, Bahman and Moseley, Benjamin and Vattani, Andrea and Kumar, Ravi and Vassilvitskii, Sergei},
  journal={Proceedings of the VLDB Endowment},
  volume={5},
  number={7},
  pages={622--633},
  year={2012},
  publisher={VLDB Endowment}
}
@article{hclust,
  title={Fast hierarchical clustering and other applications of dynamic closest pairs},
  author={Eppstein, D.},
  journal={Journal of Experimental Algorithmics (JEA)},
  volume={5},
  pages={1},
  year={2000},
  publisher={ACM}
}
@article{biclust, title={Biclustering via sparse singular value decomposition.}, volume={66}, url={http://www.ncbi.nlm.nih.gov/pubmed/20163403}, number={4}, journal={Biometrics}, publisher={The International Biometic Society}, author={Lee, Mihee and Shen, Haipeng and Huang, Jianhua Z and Marron, J S}, year={2010}, pages={1087--1095}}
@phdthesis{essvd,
  title={Efficient Algorithms for Sparse Singular Value Decomposition},
  author={RajaManickam, Sivasankaran},
  year={2009},
  school={University of Florida}
}
@article{fastlap,
  title={A shortest augmenting path algorithm for dense and sparse linear assignment problems},
  author={Jonker, R. and Volgenant, A.},
  journal={Computing},
  volume={38},
  number={4},
  pages={325--340},
  year={1987},
  publisher={Springer}
}
@article{ssvd,
  title={Large-scale sparse singular value computations},
  author={Berry, M. W.},
  journal={International Journal of Supercomputer Applications},
  volume={6},
  number={1},
  pages={13--49},
  year={1992},
  publisher={Citeseer}
}
@article{jvh,
  title={Improving the Hungarian assignment algorithm},
  author={Jonker, R. and Volgenant, T.},
  journal={Operations Research Letters},
  volume={5},
  number={4},
  pages={171--175},
  year={1986},
  publisher={Elsevier}
}
@inproceedings{birch,
  title={BIRCH: an efficient data clustering method for very large databases},
  author={Zhang, T. and Ramakrishnan, R. and Livny, M.},
  booktitle={ACM SIGMOD Record},
  volume={25},
  number={2},
  pages={103--114},
  year={1996},
  organization={ACM}
}
@article{ssvd3,
  title={Augmented implicitly restarted Lanczos bidiagonalization methods},
  author={Baglama, J. and Reichel, L.},
  journal={SIAM Journal on Scientific Computing},
  volume={27},
  number={1},
  pages={19--42},
  year={2005},
  publisher={SIAM}
}
@article{ssvd2,
  title={Lanczos bidiagonalization with partial reorthogonalization},
  author={Larsen, R. M.},
  journal={DAIMI Report Series},
  volume={27},
  number={537},
  year={1998}
}
@book{duda,
  title={Pattern classification},
  author={Duda, R. O. and Hart, P. E. and Stork, D. G.},
  year={2012},
  publisher={John Wiley \& Sons}
}
@article{svd,
  title={Fast low-rank modifications of the thin singular value decomposition},
  author={Brand, M.},
  journal={Linear algebra and its applications},
  volume={415},
  number={1},
  pages={20--30},
  year={2006},
  publisher={Elsevier}
}
@article{proc,
  title={A generalized solution of the orthogonal Procrustes problem},
  author={Sch{\"o}nemann, P. H.},
  journal={Psychometrika},
  volume={31},
  number={1},
  pages={1--10},
  year={1966},
  publisher={Springer}
}
@article{sbm2,
  title={Stochastic blockmodels for directed graphs},
  author={Wang, Y. J. and Wong, G. Y.},
  journal={Journal of the American Statistical Association},
  volume={82},
  number={397},
  pages={8--19},
  year={1987},
  publisher={Taylor \& Francis}
}
@article{sbm,
  title={Stochastic blockmodels: First steps},
  author={Holland, P. W. and Laskey, K. B. and Leinhardt, S.},
  journal={Social networks},
  volume={5},
  number={2},
  pages={109--137},
  year={1983},
  publisher={Elsevier}
}
@incollection{ys,
  title={Random dot product graph models for social networks},
  author={Young, S. J. and Scheinerman, E. R.},
  booktitle={Algorithms and models for the web-graph},
  pages={138--149},
  year={2007},
  publisher={Springer}
}
@article{ssgt,
  title={P-complete approximation problems},
  author={Sahni, S. and Gonzalez, T.},
  journal={Journal of the ACM (JACM)},
  volume={23},
  number={3},
  pages={555--565},
  year={1976},
  publisher={ACM}
}
@book{gj,
  title={Computers and intractability},
  author={Garey, M. R. and Johnson, D. S.},
  volume={174},
  year={1979},
  publisher={Freeman New York}
}
@misc{fw2,
  title={Frank-Wolfe Algorithm.},
  author={Lawphongpanich, S.},
  year={2009},
  publisher={Springer}
}
@article{fw,
  title={An algorithm for quadratic programming},
  author={Frank, M. and Wolfe, P.},
  journal={Naval research logistics quarterly},
  volume={3},
  number={1-2},
  pages={95--110},
  year={1956},
  publisher={Wiley Online Library}
}
@article{stp,
  title={Consistent latent position estimation and vertex classification for random dot product graphs},
  author={Sussman, D. and Tang, M. and Priebe, C.},
  year={2013},
  publisher={IEEE}
}
%lyzinski2015spectral,
@article{lsgm,
  title={Spectral clustering for divide-and-conquer graph matching},
  author={Lyzinski, Vince and Sussman, Daniel L and Fishkind, Donniell E and Pao, Henry and Chen, Li and Vogelstein, Joshua T and Park, Youngser and Priebe, Carey E},
  journal={Parallel Computing},
  volume={47},
  pages={70--87},
  year={2015},
  publisher={Elsevier}
}
@article{fstp,
  title={Consistent adjacency-spectral partitioning for the stochastic block model when the model parameters are unknown},
  author={Fishkind, D. E. and Sussman, D. and Tang, M. and Vogelstein, J. T. and Priebe, C. E.},
  journal={arxiv preprint, arXiv:1205.0309},
  year={2012}
}
@article{stfp,
  title={A consistent adjacency spectral embedding for stochastic blockmodel graphs},
  author={Sussman, D. and Tang, M. and Fishkind, D. E. and Priebe, C. E.},
  journal={Journal of the American Statistical Association},
  volume={107},
  number={499},
  pages={1119--1128},
  year={2012},
  publisher={Taylor \& Francis Group}
}
% lyfipr14,
@article{sgm2,
	Author = {Lyzinski, V. and Fishkind, D.E. and Priebe, C.E.},
	Journal = {Journal of Machine Learning Research},
	Number = {Nov},
	Pages = {3693-3720},
	Title = {Seeded Graph Matching for Correlated {E}rd$\ddot{\text{o}}$s-{R}\`enyi Graphs},
	Volume = {15},
	Year = {2014}}

@article{vcel,
  title={Structural properties of the Caenorhabditis elegans neuronal network},
  author={Varshney, L. R. and Chen, B. L. and Paniagua, E. and Hall, D. H. and Chklovskii, D. B.},
  journal={PLoS computational biology},
  volume={7},
  number={2},
  pages={e1001066},
  year={2011},
  publisher={Public Library of Science}
}
@book {BB,
    AUTHOR = {Bollob{\'a}s, B{\'e}la},
     TITLE = {Random graphs},
    SERIES = {Cambridge Studies in Advanced Mathematics},
    VOLUME = {73},
   EDITION = {Second},
 PUBLISHER = {Cambridge University Press},
   ADDRESS = {Cambridge},
      YEAR = {2001},
     PAGES = {xviii+498},
      ISBN = {0-521-80920-7; 0-521-79722-5},
   MRCLASS = {05C80 (60C05)},
  MRNUMBER = {1864966 (2002j:05132)},
       DOI = {10.1017/CBO9780511814068},
       URL = {http://dx.doi.org/10.1017/CBO9780511814068},
}
@article{path,
  title={A path following algorithm for the graph matching problem},
  author={Zaslavskiy, M. and Bach, F. and Vert, J-P},
  journal={Pattern Analysis and Machine Intelligence, IEEE Transactions on},
  volume={31},
  number={12},
  pages={2227--2242},
  year={2009},
  publisher={IEEE}
}
@article{fcci,
  title={Concentration inequalities and martingale inequalities: a survey},
  author={Chung, Fan and Lu, Linyuan},
  journal={Internet Mathematics},
  volume={3},
  number={1},
  pages={79--127},
  year={2006},
  publisher={Taylor \& Francis}
}
@book {LD,
    AUTHOR = {Dembo, Amir and Zeitouni, Ofer},
     TITLE = {Large deviations techniques and applications},
    SERIES = {Stochastic Modelling and Applied Probability},
    VOLUME = {38},
      NOTE = {Corrected reprint of the second (1998) edition},
 PUBLISHER = {Springer-Verlag},
   ADDRESS = {Berlin},
      YEAR = {2010},
     PAGES = {xvi+396},
      ISBN = {978-3-642-03310-0},
   MRCLASS = {60F10},
  MRNUMBER = {2571413 (2011b:60094)},
       DOI = {10.1007/978-3-642-03311-7},
       URL = {http://dx.doi.org/10.1007/978-3-642-03311-7},
}
@article{alon,
  title={Nearly perfect matchings in regular simple hypergraphs},
  author={Alon, Noga and Kim, Jeong-Han and Spencer, Joel},
  journal={Israel journal of mathematics},
  volume={100},
  number={1},
  pages={171--187},
  year={1997},
  publisher={Springer}
}
@article{kim,
  title={On the asymmetry of random regular graphs and random graphs},
  author={Kim, Jeong Han and Sudakov, Benny and Vu, Van H},
  journal={Random Structures \& Algorithms},
  volume={21},
  number={3-4},
  pages={216--224},
  year={2002},
  publisher={Wiley Online Library}
}
@article{cel,
  title={Matching C. elegans Connectomes},
  author={Adali, S. and Fishkind, D.E. and Lyzinski, V. and Priebe, C.E. and Vogelstein, J.T.},
  journal={In preparation},
  year={2013},
}
@article{sgmjofc,
  title={Seeded Graph Matching via
Joint Optimization of Fidelity and Commensurability},
  author={Lyzinski, V. and Adali, S. and Vogelstein, J. T. and Priebe, C.E.},
  journal={arXiv preprint, arXiv:1401.3813},
  year={2013},
}
@article{kuhn,
  title={The Hungarian method for the assignment problem},
  author={Kuhn, H.W.},
  journal={Naval research logistics quarterly},
  volume={2},
  number={1-2},
  pages={83--97},
  year={2006},
  publisher={Wiley Online Library}
}
@article{gap2,
  title={A survey of algorithms for the generalized assignment problem},
  author={Cattrysse, D.G. and Van Wassenhove, L.N.},
  journal={European Journal of Operational Research},
  volume={60},
  number={3},
  pages={260--272},
  year={1992},
  publisher={Elsevier}
}
@article{gap1,
  title={An approximation algorithm for the generalized assignment problem},
  author={Shmoys, D.B. and Tardos, {\'E}.},
  journal={Mathematical Programming},
  volume={62},
  number={1},
  pages={461--474},
  year={1993},
  publisher={Springer}
}
@article{scree,
  title={Automatic dimensionality selection from the scree plot via the use of profile likelihood},
  author={Zhu, M. and Ghodsi, A.},
  journal={Computational Statistics \& Data Analysis},
  volume={51},
  number={2},
  pages={918--930},
  year={2006},
  publisher={Elsevier}
}
@article{MDS,
  title={Multidimensional scaling: I. Theory and method},
  author={Torgerson, W.S.},
  journal={Psychometrika},
  volume={17},
  number={4},
  pages={401--419},
  year={1952},
  publisher={Springer}
}
@book{MDS3,
  title={Modern {M}ultidimensional {S}caling: {T}heory and {A}pplications},
  author={Borg, I. and Groenen, P.J.F.},
  year={2005},
  publisher={Springer}
}
@article{MDS4,
  title={The out-of-sample problem for classical multidimensional scaling},
  author={Trosset, M.W. and Priebe, C.E.},
  journal={Computational Statistics and Data Analysis},
  volume={52},
  number={10},
  pages={4635--4642},
  year={2008},
  publisher={Elsevier}
}
@article{ZMCP,
  title={Out-of-sample embedding using iterative majorization},
  author={Ma, Z. and Priebe, CE},
  journal={submitted for publication},
  year={2010}
}
@article{MDS2,
year={1964},
issn={0033-3123},
journal={Psychometrika},
volume={29},
issue={1},
doi={10.1007/BF02289565},
title={Multidimensional scaling by optimizing goodness of fit to a nonmetric hypothesis},
url={http://dx.doi.org/10.1007/BF02289565},
publisher={Springer-Verlag},
author={Kruskal, J.B.},
pages={1-27},
language={English}
}

@article {smacof2,
    AUTHOR = {de Leeuw, J.},
     TITLE = {Convergence of the majorization method for multidimensional
              scaling},
   JOURNAL = {Journal of Classification},
    VOLUME = {5},
      YEAR = {1988},
    NUMBER = {2},
     PAGES = {163--180},
      ISSN = {0176-4268},
   MRCLASS = {62H10},
  MRNUMBER = {971151 (90h:62123)},
       DOI = {10.1007/BF01897162},
       URL = {http://dx.doi.org/10.1007/BF01897162},
}
@article{de1988convergence,
  title={Convergence of the majorization method for multidimensional scaling},
  author={De Leeuw, J.},
  journal={Journal of classification},
  volume={5},
  number={2},
  pages={163--180},
  year={1988},
  publisher={Springer}
}
@article{de1980multidimensional,
  title={Multidimensional scaling with restrictions on the configuration},
  author={De Leeuw, J. and Heiser, W. J.},
  journal={Multivariate Analysis},
  volume={5},
  pages={501--522},
  year={1980}
}
	@incollection {smacof,
    AUTHOR = {de Leeuw, J.},
     TITLE = {Applications of convex analysis to multidimensional scaling},
 BOOKTITLE = {{R}ecent {D}evelopments in {S}tatistics ({P}roc. {E}uropean
              {M}eeting {S}tatisticians, {G}renoble, 1976)},
     PAGES = {133--145},
 PUBLISHER = {North-Holland},
   ADDRESS = {Amsterdam},
      YEAR = {1977},
   MRCLASS = {62H99},
  MRNUMBER = {0478483 (57 \#17961)},
MRREVIEWER = {P. A. K. Covey-Crump},
}
	@article{dis2,
  title={Graph classification based on dissimilarity space embedding},
  author={Bunke, H. and Riesen, K.},
  journal={Structural, Syntactic, and Statistical Pattern Recognition},
  pages={996--1007},
  year={2008},
  publisher={Springer}
}
@book{dis1,
  title={The dissimilarity representation for pattern recognition: foundations and applications},
  author={Pekalska, E. and Duin, R.P.W.},
  volume={64},
  year={2005},
  publisher={World Scientific Publishing Company Incorporated}
}
@INPROCEEDINGS{diffdist,
    author = {Yen, L. and Saerens, M. and Mantrach, A. and Shimbo, M.},
    title = {A family of dissimilarity measures between nodes generalizing both the shortest-path and the commute-time distances},
    booktitle = {in Proceedings of the 14th SIGKDD International Conference on Knowledge Discovery and Data Mining},
    year = {},
    pages = {785--793}
}
@article{dice,
  title={Two local dissimilarity measures for weighted graphs with application to protein interaction networks},
  author={Angelelli, J.B. and Baudot, A. and Brun, C. and Gu{\'e}noche, A.},
  journal={Advances in Data Analysis and Classification},
  volume={2},
  number={1},
  pages={3--16},
  year={2008},
  publisher={Springer}
}
@article{30ygm,
  title={Thirty years of graph matching in pattern recognition},
  author={Conte, D. and Foggia, P. and Sansone, C. and Vento, M.},
  journal={International journal of pattern recognition and artificial intelligence},
  volume={18},
  number={03},
  pages={265--298},
  year={2004},
  publisher={World Scientific}
}
@article{Enron,
 author = {Priebe, Carey E. and Conroy, John M. and Marchette, David J. and Park, Youngser},
 title = {Scan Statistics on Enron Graphs},
 journal = {Comput. Math. Organ. Theory},
 issue_date = {October   2005},
 volume = {11},
 number = {3},
 month = oct,
 year = {2005},
 issn = {1381-298X},
 pages = {229--247},
 numpages = {19},
 url = {http://dx.doi.org/10.1007/s10588-005-5378-z},
 doi = {10.1007/s10588-005-5378-z},
 acmid = {1110943},
 publisher = {Kluwer Academic Publishers},
 address = {Hingham, MA, USA},
 keywords = {Enron email data, anomaly detection, scan statistics, statistical inference, time series of graphs},
}
@article{JOFC,
  title={Manifold matching: joint optimization of fidelity and commensurability},
  author={Priebe, C.E. and Marchette, D.J. and Ma, Z. and Adali, S.},
  journal={Brazilian Journal of Probability and Statistics},
 volume={27},
 number={3},
 pages={377–400},
  year={2013}
}
@article{FAP,
	Author = {Fishkind, D.E. and Adali, S. and Patsolic, H. and
            Meng, L. and Singh, D. and Lyzinski, V. and Priebe, C.E.},
	Journal = {Pattern Recognition},
        volume = {87},
        pages={203--215},
	Title = {Seeded Graph Matching},
	Year = {2019}}

@phdthesis{adali2014joint,
  title={Joint Optimization of Fidelity and Commensurability for Manifold Alignment and Graph Matching},
  author={Adali, Sancar},
  year={2014},
  school={Johns Hopkins University},
  chapter={12}
}

@ARTICLE{FAQ,
   author = {{Vogelstein}, J.T. and {Conroy}, J.M. and {Podrazik}, L.J. and
	{Kratzer}, S.G. and {Harley}, E.T. and {Fishkind}, D.E. and
	{Vogelstein}, R.J. and {Priebe}, C.E.},
    title = "{Large (Brain) Graph Matching via Fast Approximate Quadratic Programming}",
  journal = {arXiv preprint, arXiv:1112.5507},
archivePrefix = "arXiv",
   eprint = {1112.5507},
 primaryClass = "math.OC",
 keywords = {Mathematics - Optimization and Control, Computer Science - Data Structures and Algorithms, Quantitative Biology - Neurons and Cognition},
     year = 2011,
    month = dec,
   adsurl = {http://adsabs.harvard.edu/abs/2011arXiv1112.5507V},
  adsnote = {Provided by the SAO/NASA Astrophysics Data System}
}
@article{LF,
year={2012},
issn={0894-9840},
journal={Journal of Theoretical Probability},
doi={10.1007/s10959-012-0457-9},
title={Hitting Times and Interlacing Eigenvalues: A Stochastic Approach Using Intertwinings},
url={http://dx.doi.org/10.1007/s10959-012-0457-9},
publisher={Springer US},
keywords={Markov chains; Hitting times; Interlacing eigenvalues; Intertwinings; Primary 60J10; Secondary 60J27; 15A18},
author={Fill, J. A. and Lyzinski, V.},
pages={1-28},
language={English}
}
@book {MR2759587,
    AUTHOR = {Etheridge, A.},
     TITLE = {Some mathematical models from population genetics},
    SERIES = {Lecture Notes in Mathematics},
    VOLUME = {2012},
      NOTE = {Lectures from the 39th Probability Summer School held in
              Saint-Flour, 2009},
 PUBLISHER = {Springer},
   ADDRESS = {Heidelberg},
      YEAR = {2011},
     PAGES = {viii+119},
      ISBN = {978-3-642-16631-0},
   MRCLASS = {92D25 (60J25 60J68 60J70 60K35 92D10)},
  MRNUMBER = {2759587 (2011j:92043)},
}
@book{absteg,
  added-at = {2007-08-13T12:41:19.000+0200},
  address = {New York},
  author = {Abramowitz, M. and Stegun, I. A.},
  biburl = {http://www.bibsonomy.org/bibtex/223ec744709b3a776a1af0a3fd65cd09f/libwpj},
  description = {BibTeX - Wikipedia, the free encyclopedia},
  edition = {ninth {D}over printing, tenth {GPO} printing},
  interhash = {d4914a420f489f7c5129ed01ec3cf80c},
  intrahash = {23ec744709b3a776a1af0a3fd65cd09f},
  keywords = {math0001},
  publisher = {Dover},
  title = {Handbook of Mathematical Functions with Formulas, Graphs, and Mathematical Tables},
  year = {1964},
}

@article {sned,
    AUTHOR = {Sneddon, I. N.},
     TITLE = {On some infinite series involving the zeros of {B}essel
              functions of the first kind},
   JOURNAL = {Proc. Glasgow Math. Assoc.},
    VOLUME = {4},
      YEAR = {1960},
     PAGES = {144--156 (1960)},
   MRCLASS = {33.00},
  MRNUMBER = {0120400 (22 \#11154)},
MRREVIEWER = {H. A. Lauwerier},
}

@incollection {KN,
    AUTHOR = {Kurtz, T. G. and Nappo, G.},
     TITLE = {The filtered martingale problem},
 BOOKTITLE = {The {O}xford handbook of nonlinear filtering},
     PAGES = {129--165},
 PUBLISHER = {Oxford Univ. Press},
   ADDRESS = {Oxford},
      YEAR = {2011},
   MRCLASS = {60G35 (60G44 60H05 60J25)},
  MRNUMBER = {2884595},
}

@article{kmac,
   AUTHOR = {Karlin, S. and McGregor, J.},
     TITLE = {Coincidence properties of birth and death properties},
   JOURNAL = {Pacific J. Math.},
    VOLUME = {9},
      YEAR = {1959},
     PAGES = {1109--1140},
}

@article {eth,
    AUTHOR = {Ethier, S. N.},
     TITLE = {A class of degenerate diffusion processes occurring in
              population genetics},
   JOURNAL = {Comm. Pure Appl. Math.},
  FJOURNAL = {Communications on Pure and Applied Mathematics},
    VOLUME = {29},
      YEAR = {1976},
    NUMBER = {5},
     PAGES = {483--493},
      ISSN = {0010-3640},
   MRCLASS = {60J70 (92A10)},
  MRNUMBER = {0428488 (55 \#1509)},
MRREVIEWER = {Stanley Sawyer},
}
@book {knight,
    AUTHOR = {Knight, F. B.},
     TITLE = {Essentials of {B}rownian motion and diffusion},
    SERIES = {Mathematical Surveys},
    VOLUME = {18},
 PUBLISHER = {American Mathematical Society},
   ADDRESS = {Providence, R.I.},
      YEAR = {1981},
     PAGES = {xiii+201},
      ISBN = {0-8218-1518-0},
   MRCLASS = {60J65 (60J60)},
  MRNUMBER = {613983 (82m:60098)},
MRREVIEWER = {D. Kannan},
}
@article {fps,
    AUTHOR = {Fill, J. A.},
     TITLE = {An interruptible algorithm for perfect sampling via {M}arkov
              chains},
   JOURNAL = {Ann. Appl. Probab.},
  FJOURNAL = {The Annals of Applied Probability},
    VOLUME = {8},
      YEAR = {1998},
    NUMBER = {1},
     PAGES = {131--162},
      ISSN = {1050-5164},
   MRCLASS = {60J10 (60G40 62E25)},
  MRNUMBER = {1620346 (99g:60113)},
MRREVIEWER = {Olle H{\"a}ggstr{\"o}m},
       DOI = {10.1214/aoap/1027961037},
       URL = {http://dx.doi.org/10.1214/aoap/1027961037},
}
@article {Cal,
   author = {Calogero, F.},
   affiliation = {Istituto di Fisica dell’ Universit�  Roma},
   title = {On the zeros of bessel functions},
   journal = {Lettere Al Nuovo Cimento (1971 – 1985)},
   publisher = {Italian Physical Society},
   issn = {0375-930X},
   keyword = {Physics and Astronomy},
   pages = {254-256},
   volume = {20},
   issue = {7},
   url = {http://dx.doi.org/10.1007/BF02785164},
   note = {10.1007/BF02785164},
   year = {1977}
}
@book{keil,
  author = 	 {Keilson, J.},
  title = 	 {Markov Chain Models---Rarity and Exponentiality},
  publisher =    {Springer-Verlag},
  year = 	 {1979},
  address =	 {New York, NY},
  OPTannote = 	 {}
}
@article {HS,
    AUTHOR = {Holley, R. and Stroock, D.},
     TITLE = {Dual processes and their application to infinite interacting
              systems},
   JOURNAL = {Adv. in Math.},
  FJOURNAL = {Advances in Mathematics},
    VOLUME = {32},
      YEAR = {1979},
    NUMBER = {2},
     PAGES = {149--174},
      ISSN = {0001-8708},
     CODEN = {ADMTA4},
   MRCLASS = {60K35 (60J25)},
  MRNUMBER = {535620 (80m:60104)},
MRREVIEWER = {T. M. Liggett},
       DOI = {10.1016/0001-8708(79)90040-9},
       URL = {http://dx.doi.org/10.1016/0001-8708(79)90040-9},
}
@book{Lig,
  added-at = {2009-09-18T15:58:17.000+0200},
  author = {Liggett, T. M.},
  biburl = {http://www.bibsonomy.org/bibtex/27488d92eea155ef1db04c10a25904d4c/janlo},
  collaborationtags = {JL SB FS contagion},
  doi = {10.1007/b138374},
  interhash = {17bd387a63f913ab0b6dfdfa3ce90f18},
  intrahash = {7488d92eea155ef1db04c10a25904d4c},
  keywords = {jabref:noKeywordAssigned},
  publisher = {Springer Berlin Heidelberg},
  timestamp = {2009-09-18T15:58:17.000+0200},
  title = {Interacting Particle Systems},
  year = 1985
}
@article {SV1,
author = {Stroock, D. W. and Varadhan, S. R. S.},
title = {Diffusion processes with continuous coefficients, I},
journal = {Communications on Pure and Applied Mathematics},
volume = {22},
number = {3},
publisher = {Wiley Subscription Services, Inc., A Wiley Company},
issn = {1097-0312},
url = {http://dx.doi.org/10.1002/cpa.3160220304},
doi = {10.1002/cpa.3160220304},
pages = {345--400},
year = {1969},
}
@article {SV3,
author = {Stroock, D. W. and Varadhan, S. R. S.},
title = {Diffusion processes with boundary conditions},
journal = {Communications on Pure and Applied Mathematics},
volume = {24},
number = {2},
publisher = {Wiley Subscription Services, Inc., A Wiley Company},
issn = {1097-0312},
url = {http://dx.doi.org/10.1002/cpa.3160240206},
doi = {10.1002/cpa.3160240206},
pages = {147--225},
year = {1971},
}
@book {SV,
    AUTHOR = {Stroock, D. W. and Varadhan, S. R. S.},
     TITLE = {Multidimensional diffusion processes},
    SERIES = {Grundlehren der Mathematischen Wissenschaften [Fundamental
              Principles of Mathematical Sciences]},
    VOLUME = {233},
 PUBLISHER = {Springer-Verlag},
   ADDRESS = {Berlin},
      YEAR = {1979},
     PAGES = {xii+338},
      ISBN = {3-540-90353-4},
   MRCLASS = {60J60},
  MRNUMBER = {MR532498 (81f:60108)},
MRREVIEWER = {A. D. Wentzell (Ventcel{\cprime})},
      NOTE = {Reprinted in 2006},
}
@book{billing,
  added-at = {2009-04-24T23:33:01.000+0200},
  address = {New York},
  author = {Billingsley, P.},
  biburl = {http://www.bibsonomy.org/bibtex/2657f92e619abe605188197d74b27f572/peter.ralph},
  description = {q-paper},
  edition = {Second},
  interhash = {555ad867bdd2f4e0824bffe13fa1b9f9},
  intrahash = {657f92e619abe605188197d74b27f572},
  isbn = {0-471-19745-9},
  keywords = {probability_theory reference},
  mrclass = {60B10 (28A33 60F17)},
  mrnumber = {MR1700749 (2000e:60008)},
  note = {A Wiley-Interscience Publication},
  pages = {x+277},
  publisher = {John Wiley \& Sons Inc.},
  series = {Wiley Series in Probability and Statistics: Probability and
              Statistics},
  timestamp = {2009-04-24T23:33:01.000+0200},
  title = {Convergence of probability measures},
  year = 1999
}
@article {SSDCT,
   author = {Fill, J. A.},
   affiliation = {Department of Mathematical Sciences The Johns Hopkins University Baltimore Maryland},
   title = {Strong stationary duality for continuous-time {M}arkov chains. {P}art {I}: {T}heory},
   journal = {Journal of Theoretical Probability},
   publisher = {Springer Netherlands},
   issn = {0894-9840},
   keyword = {Mathematics and Statistics},
   pages = {45-70},
   volume = {5},
   issue = {1},
   url = {http://dx.doi.org/10.1007/BF01046778},
   year = {1992}
}@book {gen,
    AUTHOR = {Kolokoltsov, V. N.},
     TITLE = {Markov processes, semigroups and generators},
    SERIES = {de Gruyter Studies in Mathematics},
    VOLUME = {38},
 PUBLISHER = {Walter de Gruyter \& Co.},
   ADDRESS = {Berlin},
      YEAR = {2011},
     PAGES = {xviii+430},
      ISBN = {978-3-11-025010-7},
   MRCLASS = {60J25 (47D07 60G05 60G44 60G51 60H10 60J65)},
  MRNUMBER = {2780345},
}
@book {tit,
    AUTHOR = {Titchmarsh, E. C.},
     TITLE = {Eigenfunction expansions associated with second-order
              differential equations. {P}art {I}},
    SERIES = {Second Edition},
 PUBLISHER = {Clarendon Press, Oxford},
      YEAR = {1962},
     PAGES = {vi+203},
   MRCLASS = {34.30},
  MRNUMBER = {0176151 (31 \#426)},
}
@article {rst,
    AUTHOR = {Baxter, J. R. and Chacon, R. V.},
     TITLE = {Compactness of stopping times},
   JOURNAL = {Z. Wahrscheinlichkeitstheorie und Verw. Gebiete},
    VOLUME = {40},
      YEAR = {1977},
    NUMBER = {3},
     PAGES = {169--181},
   MRCLASS = {60G40},
  MRNUMBER = {0517871 (58 \#24525)},
MRREVIEWER = {Itrel Monroe},
}
@book {rogwil,
    AUTHOR = {Rogers, L. C. G. and Williams, D.},
     TITLE = {Diffusions, {M}arkov processes, and martingales. {V}ol. 2},
    SERIES = {Cambridge Mathematical Library},
      NOTE = {It{\^o} calculus,
              Reprint of the second (1994) edition},
 PUBLISHER = {Cambridge University Press},
   ADDRESS = {Cambridge},
      YEAR = {2000},
     PAGES = {xiv+480},
      ISBN = {0-521-77593-0},
   MRCLASS = {60J60 (60G07 60H05 60J25)},
  MRNUMBER = {1780932 (2001g:60189)},
}
@book {kt2,
    AUTHOR = {Karlin, S. and Taylor, H. M.},
     TITLE = {A second course in stochastic processes},
 PUBLISHER = {Academic Press Inc. [Harcourt Brace Jovanovich Publishers]},
   ADDRESS = {New York},
      YEAR = {1981},
     PAGES = {xviii+542},
      ISBN = {0-12-398650-8},
   MRCLASS = {60-01 (60J60)},
  MRNUMBER = {611513 (82j:60003)},
MRREVIEWER = {D. A. Darling},
}
@book {dynk,
    AUTHOR = {Dynkin, E. B.},
     TITLE = {Markov processes. {V}ols. {I}, {II}},
    SERIES = {Translated with the authorization and assistance of the author
              by J. Fabius, V. Greenberg, A. Maitra, G. Majone. Die
              Grundlehren der Mathematischen Wissenschaften, B\"ande 121},
    VOLUME = {122},
 PUBLISHER = {Academic Press Inc.},
   ADDRESS = {Publishers, New York},
      YEAR = {1965},
     PAGES = {Vol. I: xii+365 pp.; Vol. II: viii+274},
   MRCLASS = {60.60 (60.62)},
  MRNUMBER = {0193671 (33 \#1887)},
}
@article {rogpit,
    AUTHOR = {Rogers, L. C. G. and Pitman, J. W.},
     TITLE = {Markov functions},
   JOURNAL = {Ann. Probab.},
  FJOURNAL = {The Annals of Probability},
    VOLUME = {9},
      YEAR = {1981},
    NUMBER = {4},
     PAGES = {573--582},
      ISSN = {0091-1798},
     CODEN = {APBYAE},
   MRCLASS = {60J25 (60J65)},
  MRNUMBER = {624684 (82j:60133)},
MRREVIEWER = {D. Kannan},
       URL =
              {http://links.jstor.org/sici?sici=0091-1798(198108)9:4<573:MF>2.0.CO;2-G&origin=MSN},
}

@book {lamp,
    AUTHOR = {Lamperti, J.},
     TITLE = {Stochastic processes},
      NOTE = {A survey of the mathematical theory,
              Applied Mathematical Sciences, Vol. 23},
 PUBLISHER = {Springer-Verlag},
   ADDRESS = {New York},
      YEAR = {1977},
     PAGES = {xvi+266},
   MRCLASS = {60-02},
  MRNUMBER = {0461600 (57 \#1585)},
MRREVIEWER = {H. Salehi},
}
@book {ito,
    AUTHOR = {It{\^o}, K. and McKean, Jr., H. P.},
     TITLE = {Diffusion processes and their sample paths},
      NOTE = {Second printing, corrected,
              Die Grundlehren der mathematischen Wissenschaften, Band 125},
 PUBLISHER = {Springer-Verlag},
   ADDRESS = {Berlin},
      YEAR = {1974},
     PAGES = {xv+321},
   MRCLASS = {60J60 (60G17 60J70)},
  MRNUMBER = {0345224 (49 \#9963)},
}
@article {kent,
    AUTHOR = {Kent, J. T.},
     TITLE = {Eigenvalue expansions for diffusion hitting times},
   JOURNAL = {Z. Wahrsch. Verw. Gebiete},
  FJOURNAL = {Zeitschrift f\"ur Wahrscheinlichkeitstheorie und Verwandte
              Gebiete},
    VOLUME = {52},
      YEAR = {1980},
    NUMBER = {3},
     PAGES = {309--319},
      ISSN = {0044-3719},
   MRCLASS = {60J60 (60E07)},
  MRNUMBER = {576891 (81i:60072)},
MRREVIEWER = {Barthel W. Huff},
       DOI = {10.1007/BF00538895},
       URL = {http://dx.doi.org/10.1007/BF00538895},
}
@article {psdif2,
   author = {Casella, B. and Roberts, G. O.},
   affiliation = {Department of Statistics, University of Warwick, Coventry, CV4 7AL UK},
   title = {Exact Simulation of Jump-Diffusion Processes with Monte Carlo Applications},
   journal = {Methodology and Computing in Applied Probability},
   publisher = {Springer U.S.},
   issn = {1387-5841},
   keyword = {Mathematics and Statistics},
   pages = {449-473},
   volume = {13},
   issue = {3},
   url = {http://dx.doi.org/10.1007/s11009-009-9163-1},
   note = {10.1007/s11009-009-9163-1},
   year = {2011}
}
@article {psdif1,
    AUTHOR = {Beskos, A. and Papaspiliopoulos, O. and Roberts,
              G. O.},
     TITLE = {Retrospective exact simulation of diffusion sample paths with
              applications},
   JOURNAL = {Bernoulli},
  FJOURNAL = {Bernoulli. Official Journal of the Bernoulli Society for
              Mathematical Statistics and Probability},
    VOLUME = {12},
      YEAR = {2006},
    NUMBER = {6},
     PAGES = {1077--1098},
      ISSN = {1350-7265},
   MRCLASS = {65C30 (60G17 60J60)},
  MRNUMBER = {2274855 (2008c:65011)},
MRREVIEWER = {Peter E. Kloeden},
       DOI = {10.3150/bj/1165269151},
       URL = {http://dx.doi.org/10.3150/bj/1165269151},
}
@book {dur,
    AUTHOR = {Durrett, R.},
     TITLE = {Stochastic calculus},
    SERIES = {Probability and Stochastics Series},
      NOTE = {A practical introduction},
 PUBLISHER = {CRC Press},
   ADDRESS = {Boca Raton, FL},
      YEAR = {1996},
     PAGES = {x+341},
      ISBN = {0-8493-8071-5},
   MRCLASS = {60H05 (60J60 60J65)},
  MRNUMBER = {1398879 (97k:60148)},
MRREVIEWER = {S. Ramasubramanian},
}
@book {bhat,
    AUTHOR = {Bhattacharya, R. N. and Waymire, E. C.},
     TITLE = {Stochastic processes with applications},
    SERIES = {Wiley Series in Probability and Mathematical Statistics:
              Applied Probability and Statistics},
      NOTE = {A Wiley-Interscience Publication},
 PUBLISHER = {John Wiley \& Sons Inc.},
   ADDRESS = {New York},
      YEAR = {1990},
     PAGES = {xvi+672},
      ISBN = {0-471-84272-9},
   MRCLASS = {60-01},
  MRNUMBER = {1054645 (91m:60001)},
MRREVIEWER = {E. S. Boylan},
}
@INPROCEEDINGS{zelper,
    author = {Lihi Zelnik-manor and Pietro Perona},
    title = {Self-tuning spectral clustering},
    booktitle = {Advances in Neural Information Processing Systems 17},
    year = {2004},
    pages = {1601--1608},
    publisher = {MIT Press}
}
@book {etku,
    AUTHOR = {Ethier, S. N. and Kurtz, T. G.},
     TITLE = {Markov processes},
    SERIES = {Wiley Series in Probability and Mathematical Statistics:
              Probability and Mathematical Statistics},
      NOTE = {Characterization and convergence},
 PUBLISHER = {John Wiley \& Sons Inc.},
   ADDRESS = {New York},
      YEAR = {1986},
     PAGES = {x+534},
      ISBN = {0-471-08186-8},
   MRCLASS = {60J25 (60B10 60F05 60F17 60G44 60J80)},
  MRNUMBER = {838085 (88a:60130)},
MRREVIEWER = {S. R. S. Varadhan},
       DOI = {10.1002/9780470316658},
       URL = {http://dx.doi.org/10.1002/9780470316658},
}
@inproceedings{Ting,
    author = {Daniel Ting and Ling Huang and Michael I. Jordan},
    title = {An Analysis of the Convergence of Graph Laplacians},
    booktitle= {Proceedings of the 27th International Conference on Machine Learning},
    year = {2010}
}
@article {ADFSST,
    AUTHOR = {Aldous, D. J. and Diaconis, P.},
     TITLE = {Strong uniform times and finite random walks},
   JOURNAL = {Adv. in Appl. Math.},
  FJOURNAL = {Advances in Applied Mathematics},
    VOLUME = {8},
      YEAR = {1987},
    NUMBER = {1},
     PAGES = {69--97},
      ISSN = {0196-8858},
   MRCLASS = {60J10 (60J15)},
  MRNUMBER = {876954 (88d:60175)},
MRREVIEWER = {G{\'e}rard Letac},
       DOI = {10.1016/0196-8858(87)90006-6},
       URL = {http://dx.doi.org/10.1016/0196-8858(87)90006-6},
}
@book {MCBK,
    AUTHOR = {Levin, D. A. and Peres, Y. and Wilmer, E. L.},
     TITLE = {Markov chains and mixing times},
      NOTE = {With a chapter by James G. Propp and David B. Wilson},
 PUBLISHER = {American Mathematical Society},
   ADDRESS = {Providence, RI},
      YEAR = {2009},
     PAGES = {xviii+371},
      ISBN = {978-0-8218-4739-8},
   MRCLASS = {60J10 (60-01 60J05 60K35 60K37 68U20 68W20)},
  MRNUMBER = {2466937 (2010c:60209)},
MRREVIEWER = {Olle H{\"a}ggstr{\"o}m},
}

@Unpublished{ALDF,
  author ={Aldous, D. J. and Fill, J. A.},
  title =	 {Reversible {M}arkov Chains and Random Walks on
                  Graphs},
  date = {200x},
  note =	 {Chapter drafts available from
               http://www.stat.Berkeley.EDU/users/aldous/book.html}
}
@article {SSDC,
    AUTHOR = {Fill, J. A.},
     TITLE = {Strong stationary duality for continuous-time {M}arkov chains,
              {I}. Theory},
   JOURNAL = {J. Theoret. Probab.},
  FJOURNAL = {Journal of Theoretical Probability},
    VOLUME = {5},
      YEAR = {1992},
    NUMBER = {1},
     PAGES = {45--70},
      ISSN = {0894-9840},
     CODEN = {JTPREO},
   MRCLASS = {60J27 (60G40)},
  MRNUMBER = {1144727 (93b:60163)},
MRREVIEWER = {David J. Aldous},
       DOI = {10.1007/BF01046778},
       URL = {http://dx.doi.org/10.1007/BF01046778},
}
@incollection {BIA,
    AUTHOR = {Biane, P.},
     TITLE = {Intertwining of {M}arkov semi-groups, some examples},
 BOOKTITLE = {S\'eminaire de {P}robabilit\'es, {XXIX}},
    SERIES = {Lecture Notes in Math.},
    VOLUME = {1613},
     PAGES = {30--36},
 PUBLISHER = {Springer},
   ADDRESS = {Berlin},
      YEAR = {1995},
   MRCLASS = {46L57 (47D07)},
  MRNUMBER = {1459446 (98k:46117)},
MRREVIEWER = {Fabio Cipriani},
       DOI = {10.1007/BFb0094197},
       URL = {http://dx.doi.org/10.1007/BFb0094197},
}
@article {CARPET,
    AUTHOR = {Carmona, P. and Petit, F. and Yor, M.},
     TITLE = {Beta-gamma random variables and intertwining relations between
              certain {M}arkov processes},
   JOURNAL = {Rev. Mat. Iberoamericana},
  FJOURNAL = {Revista Matem\'atica Iberoamericana},
    VOLUME = {14},
      YEAR = {1998},
    NUMBER = {2},
     PAGES = {311--367},
      ISSN = {0213-2230},
   MRCLASS = {60J25 (60G18 60J35 60J65)},
  MRNUMBER = {1654531 (2000b:60173)},
MRREVIEWER = {Juha Vuolle-Apiala},
}
@article {ROGPIT,
    AUTHOR = {Rogers, L. C. G. and Pitman, J. W.},
     TITLE = {Markov functions},
   JOURNAL = {Ann. Probab.},
  FJOURNAL = {The Annals of Probability},
    VOLUME = {9},
      YEAR = {1981},
    NUMBER = {4},
     PAGES = {573--582},
      ISSN = {0091-1798},
     CODEN = {APBYAE},
   MRCLASS = {60J25 (60J65)},
  MRNUMBER = {624684 (82j:60133)},
MRREVIEWER = {D. Kannan},
       URL =
              {http://links.jstor.org/sici?sici=0091-1798(198108)9:4<573:MF>2.0.CO;2-G&origin=MSN},
}
@incollection {MBHT2,
    AUTHOR = {Brown, M.},
     TITLE = {The first passage time distribution for a parallel exponential
              system with repair},
 BOOKTITLE = {Reliability and fault tree analysis ({C}onf., {U}niv.
              {C}alifornia, {B}erkeley, {C}alif., 1974)},
     PAGES = {365--396},
 PUBLISHER = {Soc. Indust. Appl. Math., Philadelphia, Pa.},
      YEAR = {1975},
   MRCLASS = {60K20 (62N05)},
  MRNUMBER = {0488354 (58 \#7903)},
MRREVIEWER = {B. Dimitrov},
}
@article {FPS,
    AUTHOR = {Fill, J. A.},
     TITLE = {An interruptible algorithm for perfect sampling via {M}arkov
              chains},
   JOURNAL = {Ann. Appl. Probab.},
  FJOURNAL = {The Annals of Applied Probability},
    VOLUME = {8},
      YEAR = {1998},
    NUMBER = {1},
     PAGES = {131--162},
      ISSN = {1050-5164},
   MRCLASS = {60J10 (60G40 62E25)},
  MRNUMBER = {1620346 (99g:60113)},
MRREVIEWER = {Olle H{\"a}ggstr{\"o}m},
       DOI = {10.1214/aoap/1027961037},
       URL = {http://dx.doi.org/10.1214/aoap/1027961037},
}
@article {MB,
    AUTHOR = {Brown, M.},
     TITLE = {Interlacing eigenvalues in time reversible {M}arkov chains},
   JOURNAL = {Math. Oper. Res.},
  FJOURNAL = {Mathematics of Operations Research},
    VOLUME = {24},
      YEAR = {1999},
    NUMBER = {4},
     PAGES = {847--864},
      ISSN = {0364-765X},
   MRCLASS = {60J27 (62N05 90C39)},
  MRNUMBER = {MR1854356 (2002h:60154)},
       DOI = {10.1287/moor.24.4.847},
       URL = {http://dx.doi.org/10.1287/moor.24.4.847},
}
	@article {PDLmBD,
    AUTHOR = {Diaconis, P. and Miclo, L.},
     TITLE = {On times to quasi-stationarity for birth and death processes},
   JOURNAL = {J. Theoret. Probab.},
  FJOURNAL = {Journal of Theoretical Probability},
    VOLUME = {22},
      YEAR = {2009},
    NUMBER = {3},
     PAGES = {558--586},
      ISSN = {0894-9840},
     CODEN = {JTPREO},
   MRCLASS = {60J27 (15A18 37A50 60G40 60J35 60J80)},
  MRNUMBER = {MR2530103},
MRREVIEWER = {Jan M. Swart},
       DOI = {10.1007/s10959-009-0234-6},
       URL = {http://dx.doi.org/10.1007/s10959-009-0234-6},
}

@article {MR2654550,
    AUTHOR = {Miclo, L.},
     TITLE = {On absorption times and {D}irichlet eigenvalues},
   JOURNAL = {ESAIM Probab. Stat.},
  FJOURNAL = {ESAIM. Probability and Statistics},
    VOLUME = {14},
      YEAR = {2010},
     PAGES = {117--150},
      ISSN = {1292-8100},
   MRCLASS = {60J10 (31C25 37Axx 60J27 60J80)},
  MRNUMBER = {2654550},
       DOI = {10.1051/ps:2008037},
       URL = {http://dx.doi.org/10.1051/ps:2008037},
}

@article {BrownShao87,
    AUTHOR = {Brown, M. and Shao, Y. S.},
     TITLE = {Identifying coefficients in the spectral representation for first passage time distributions},
   JOURNAL = {Probab. Engrg. Inform. Sci.},
  FJOURNAL = {Probability in the Engineering and Informational Sciences},
    VOLUME = {1},
      YEAR = {1987},
     PAGES = {69--74},
}

@article {JAFBD,
    AUTHOR = {Fill, J. A.},
     TITLE = {The passage time distribution for a birth-and-death chain:
              strong stationary duality gives a first stochastic proof},
   JOURNAL = {J. Theoret. Probab.},
  FJOURNAL = {Journal of Theoretical Probability},
    VOLUME = {22},
      YEAR = {2009},
    NUMBER = {3},
     PAGES = {543--557},
      ISSN = {0894-9840},
     CODEN = {JTPREO},
   MRCLASS = {60J10 (60G40 60J25 60J35)},
  MRNUMBER = {MR2530102},
MRREVIEWER = {Lothar Breuer},
       DOI = {10.1007/s10959-009-0235-5},
       URL = {http://dx.doi.org/10.1007/s10959-009-0235-5},
}
@article {MR2530104,
    AUTHOR = {Fill, J. A.},
     TITLE = {On hitting times and fastest strong stationary times for
              skip-free and more general chains},
   JOURNAL = {J. Theoret. Probab.},
  FJOURNAL = {Journal of Theoretical Probability},
    VOLUME = {22},
      YEAR = {2009},
    NUMBER = {3},
     PAGES = {587--600},
      ISSN = {0894-9840},
     CODEN = {JTPREO},
   MRCLASS = {60J25 (60G40 60J10 60J35)},
  MRNUMBER = {2530104},
       DOI = {10.1007/s10959-009-0233-7},
       URL = {http://dx.doi.org/10.1007/s10959-009-0233-7},
}
@incollection {AB,
    AUTHOR = {Aldous, D. J. and Brown, M.},
     TITLE = {Inequalities for rare events in time-reversible {M}arkov
              chains. {I}},
 BOOKTITLE = {Stochastic inequalities ({S}eattle, {WA}, 1991)},
    SERIES = {IMS Lecture Notes Monogr. Ser.},
    VOLUME = {22},
     PAGES = {1--16},
 PUBLISHER = {Inst. Math. Statist.},
   ADDRESS = {Hayward, CA},
      YEAR = {1992},
   MRCLASS = {60J27},
  MRNUMBER = {MR1228050 (94g:60132)},
MRREVIEWER = {Ursula Porod},
       DOI = {10.1214/lnms/1215461937},
       URL = {http://dx.doi.org/10.1214/lnms/1215461937},
}
@book {HJ,
    AUTHOR = {Horn, R. A. and Johnson, C. R.},
     TITLE = {Matrix analysis},
 PUBLISHER = {Cambridge University Press},
   ADDRESS = {Cambridge},
      YEAR = {1985},
     PAGES = {xiii+561},
      ISBN = {0-521-30586-1},
   MRCLASS = {15-01},
  MRNUMBER = {MR832183 (87e:15001)},
MRREVIEWER = {Shao Kuan Li},
}
@article {KM,
    AUTHOR = {Karlin, S. and McGregor, J.},
     TITLE = {Coincidence properties of birth and death processes},
   JOURNAL = {Pacific J. Math.},
  FJOURNAL = {Pacific Journal of Mathematics},
    VOLUME = {9},
      YEAR = {1959},
     PAGES = {1109--1140},
      ISSN = {0030-8730},
   MRCLASS = {60.00},
  MRNUMBER = {MR0114247 (22 \#5071)},
MRREVIEWER = {F. L. Spitzer},
}

@article {DFSST,
    AUTHOR = {Diaconis, P. and Fill, J. A.},
     TITLE = {Strong stationary times via a new form of duality},
   JOURNAL = {Ann. Probab.},
  FJOURNAL = {The Annals of Probability},
    VOLUME = {18},
      YEAR = {1990},
    NUMBER = {4},
     PAGES = {1483--1522},
      ISSN = {0091-1798},
     CODEN = {APBYAE},
   MRCLASS = {60J10 (60G40)},
  MRNUMBER = {MR1071805 (91m:60127)},
MRREVIEWER = {Hermann Thorisson},
       URL =
              {http://links.jstor.org/sici?sici=0091-1798(199010)18:4<1483:SSTVAN>2.0.CO;2-#&origin=MSN},
}
@article {CR,
    AUTHOR = {Cox, J. T. and R{\"o}sler, U.},
     TITLE = {A duality relation for entrance and exit laws for {M}arkov
              processes},
   JOURNAL = {Stochastic Process. Appl.},
  FJOURNAL = {Stochastic Processes and their Applications},
    VOLUME = {16},
      YEAR = {1984},
    NUMBER = {2},
     PAGES = {141--156},
      ISSN = {0304-4149},
     CODEN = {STOPB7},
   MRCLASS = {60J50 (60J10 60J60)},
  MRNUMBER = {724061 (85h:60112)},
MRREVIEWER = {Yves Le Jan},
       DOI = {10.1016/0304-4149(84)90015-2},
       URL = {http://dx.doi.org/10.1016/0304-4149(84)90015-2},
}
@book {sharpe,
    AUTHOR = {Sharpe, M.},
     TITLE = {General theory of {M}arkov processes},
    SERIES = {Pure and Applied Mathematics},
    VOLUME = {133},
 PUBLISHER = {Academic Press Inc.},
   ADDRESS = {Boston, MA},
      YEAR = {1988},
     PAGES = {xii+419},
      ISBN = {0-12-639060-6},
   MRCLASS = {60J25 (60-02 60J45 60J55 60J57)},
  MRNUMBER = {958914 (89m:60169)},
MRREVIEWER = {F. B. Knight},
}
@article {sepbd,
    AUTHOR = {Diaconis, P. and Saloff-Coste, L.},
     TITLE = {Separation cut-offs for birth and death chains},
   JOURNAL = {Ann. Appl. Probab.},
  FJOURNAL = {The Annals of Applied Probability},
    VOLUME = {16},
      YEAR = {2006},
    NUMBER = {4},
     PAGES = {2098--2122},
      ISSN = {1050-5164},
   MRCLASS = {60J27 (60B10 60J80)},
  MRNUMBER = {2288715 (2008g:60226)},
MRREVIEWER = {David J. Aldous},
       DOI = {10.1214/105051606000000501},
       URL = {http://dx.doi.org/10.1214/105051606000000501},
}
@article {MR2001m:60164,
  AUTHOR =	 {Fill, J. A. and Machida, M. and Murdoch,
                  D. J. and Rosenthal, J. S.},
  TITLE =	 {Extension of {F}ill's perfect rejection sampling
                  algorithm to general chains},
  JOURNAL =	 {Random Structures Algorithms},
  FJOURNAL =	 {Random Structures \& Algorithms},
  VOLUME =	 {17},
  YEAR =	 {2000},
  NUMBER =	 {3-4},
  PAGES =	 {290--316},
  ISSN =	 {1042-9832},
  MRCLASS =	 {60J10},
  MRNUMBER =	 {2001m:60164},
  MRREVIEWER =	 {Robert P. Dobrow},
  NOTE =	 {Special issue:\ Proceedings of the Ninth International Conference
                  ``Random Structures and Algorithms'' (Poznan, 1999)},
}

@article {MR2198701,
    AUTHOR = {Morris, B. and Peres, Y.},
     TITLE = {Evolving sets, mixing and heat kernel bounds},
   JOURNAL = {Probab. Theory Related Fields},
  FJOURNAL = {Probability Theory and Related Fields},
    VOLUME = {133},
      YEAR = {2005},
    NUMBER = {2},
     PAGES = {245--266},
      ISSN = {0178-8051},
     CODEN = {PTRFEU},
   MRCLASS = {60J10 (60J27)},
  MRNUMBER = {2198701 (2007a:60042)},
MRREVIEWER = {Da-Quan Jiang},
       DOI = {10.1007/s00440-005-0434-7},
       URL = {http://dx.doi.org/10.1007/s00440-005-0434-7},
}
@article {BAL,
    AUTHOR = {Balakrishnan, N. and Stepanov, A.},
     TITLE = {Two characterizations based on order statistics and records},
   JOURNAL = {J. Statist. Plann. Inference},
  FJOURNAL = {Journal of Statistical Planning and Inference},
    VOLUME = {124},
      YEAR = {2004},
    NUMBER = {2},
     PAGES = {273--287},
      ISSN = {0378-3758},
     CODEN = {JSPIDN},
   MRCLASS = {62E10 (62E15)},
  MRNUMBER = {2080365 (2005f:62018)},
MRREVIEWER = {Michael J. Evans},
       DOI = {10.1016/j.jspi.2003.07.001},
       URL = {http://dx.doi.org/10.1016/j.jspi.2003.07.001},
}
@article {NEV2,
    AUTHOR = {Nevzorov, V. B. and Ahsanullah, M.},
     TITLE = {Extremes and records for concomitants of order statistics and
              record values},
   JOURNAL = {J. Appl. Statist. Sci.},
  FJOURNAL = {Journal of Applied Statistical Science},
    VOLUME = {10},
      YEAR = {2001},
    NUMBER = {3},
     PAGES = {181--190},
      ISSN = {1067-5817},
   MRCLASS = {62G30},
  MRNUMBER = {1873366 (2002i:62102)},
}
@article {NEV1,
    AUTHOR = {Nevzorov, V. B. and Ahsanullah, M.},
     TITLE = {Characterizations of distributions by regressional properties
              of records},
   JOURNAL = {J. Appl. Statist. Sci.},
  FJOURNAL = {Journal of Applied Statistical Science},
    VOLUME = {13},
      YEAR = {2004},
    NUMBER = {1},
     PAGES = {33--39},
      ISSN = {1067-5817},
   MRCLASS = {62E10 (62G30)},
  MRNUMBER = {2091928 (2005h:62046)},
MRREVIEWER = {Barry C. Arnold},
}
@article {NAG1,
    AUTHOR = {Nagaraja, H. N. and Barlevy, G.},
     TITLE = {Characterizations using record moments in a random record
              model and applications},
   JOURNAL = {J. Appl. Probab.},
  FJOURNAL = {Journal of Applied Probability},
    VOLUME = {40},
      YEAR = {2003},
    NUMBER = {3},
     PAGES = {826--833},
      ISSN = {0021-9002},
     CODEN = {JPRBAM},
   MRCLASS = {62E10 (60G70 62G30)},
  MRNUMBER = {1993275 (2004h:62025)},
MRREVIEWER = {Barry C. Arnold},
       URL = {http://projecteuclid.org/getRecord?id=euclid.jap/1059060910},
}
@article {WRI,
    AUTHOR = {Haghighi-Talab, D. and Wright, C.},
     TITLE = {On the distribution of records in a finite sequence of
              observations, with an application to a road traffic problem},
   JOURNAL = {J. Appl. Probability},
  FJOURNAL = {Journal of Applied Probability},
    VOLUME = {10},
      YEAR = {1973},
     PAGES = {556--571},
      ISSN = {0021-9002},
   MRCLASS = {60K30},
  MRNUMBER = {0353500 (50 \#5983)},
}
@article {TATA,
    AUTHOR = {Tata, M. N.},
     TITLE = {On outstanding values in a sequence of random variables},
   JOURNAL = {Z. Wahrscheinlichkeitstheorie und Verw. Gebiete},
    VOLUME = {12},
      YEAR = {1969},
     PAGES = {9--20},
   MRCLASS = {60.30},
  MRNUMBER = {0247655 (40 \#918)},
MRREVIEWER = {Simeon M. Berman},
}
@article {ROM,
    AUTHOR = {Roman, S.},
     TITLE = {The logarithmic binomial formula},
   JOURNAL = {Amer. Math. Monthly},
  FJOURNAL = {The American Mathematical Monthly},
    VOLUME = {99},
      YEAR = {1992},
    NUMBER = {7},
     PAGES = {641--648},
      ISSN = {0002-9890},
     CODEN = {AMMYAE},
   MRCLASS = {05A40},
  MRNUMBER = {1176590 (93h:05014)},
MRREVIEWER = {Stanley Gill Williamson},
       DOI = {10.2307/2324994},
       URL = {http://dx.doi.org/10.2307/2324994},
}
@article {SLL,
    AUTHOR = {Lyons, R.},
     TITLE = {Strong laws of large numbers for weakly correlated random
              variables},
   JOURNAL = {Michigan Math. J.},
  FJOURNAL = {The Michigan Mathematical Journal},
    VOLUME = {35},
      YEAR = {1988},
    NUMBER = {3},
     PAGES = {353--359},
      ISSN = {0026-2285},
   MRCLASS = {60F15},
  MRNUMBER = {978305 (90d:60038)},
MRREVIEWER = {Andrew D. Barbour},
       DOI = {10.1307/mmj/1029003816},
       URL = {http://dx.doi.org/10.1307/mmj/1029003816},
}
@ARTICLE{HT,
   AUTHOR  = {Hwang, Hsien-Kuei and  Tsai, Tsung-Hsi},
   TITLE   = {Multivariate records based on dominance},
   YEAR    = {2010},
   JOURNAL = {{\rm Preprint}},
   NOTE = {arXiv:1003.6119v1}
}
@article {BNS,
    AUTHOR = {Barndorff-Nielsen, O. and Sobel, M.},
     TITLE = {On the distribution of the number of admissible points in a
              vector random sample},
   JOURNAL = {Teor. Verojatnost. i Primenen.},
  FJOURNAL = {Akademija Nauk SSSR. Teorija Verojatnoste\u\i\ i ee
              Primenenija},
    VOLUME = {11},
      YEAR = {1966},
     PAGES = {283--305},
      ISSN = {0040-361x},
   MRCLASS = {60.20 (60.10)},
  MRNUMBER = {0207003 (34 \#6819)},
MRREVIEWER = {Bernard Harris},
}
@article {BD,
    AUTHOR = {Bai, Zhi-Dong and Devroye, Luc and Hwang, Hsien-Kuei and Tsai,
              Tsung-Hsi},
     TITLE = {Maxima in hypercubes},
   JOURNAL = {Random Structures Algorithms},
  FJOURNAL = {Random Structures \& Algorithms},
    VOLUME = {27},
      YEAR = {2005},
    NUMBER = {3},
     PAGES = {290--309},
      ISSN = {1042-9832},
   MRCLASS = {60C05 (60F05 60G55)},
  MRNUMBER = {2162600 (2006i:60009)},
MRREVIEWER = {Anant P. Godbole},
       DOI = {10.1002/rsa.20053},
       URL = {http://dx.doi.org/10.1002/rsa.20053},
}
@book{arnold98,
    author = "Barry Arnold and N. Balakrishnan and H.N. Nagaraja",
    title = "Records",
    year = "1998",
    publisher = "Wiley Series in Probability and Statistics",
    address = "New York"

}
@article{greenwade93,
    author = "George D. Greenwade",
    title = "The {C}omprehensive {T}ex {A}rchive {N}etwork ({CTAN})",
    year = "1993",
    journal = "TUGBoat",
    volume = "14",
    number = "3",
    pages = "342--351"
}

@book{knuth79,
    author = "Donald E. Knuth",
    title = "Tex and Metafont, New Directions in Typesetting",
    year = "1979",
    publisher = "American Mathematical Society and Digital Press",
    address = "Stanford"
}

@book{lamport94,
    author = "Leslie Lamport",
    title = "Latex: A Document Preparation System",
    year = "1994",
    edition = "Second",
    publisher = "Addison-Wesley",
    address = "Reading, Massachusetts"
}
@misc{patashnik88,
    author = "Oren Patashnik",
    title = "{B}ib{T}e{X}ing.  Documentation for General {B}ib{T}e{X} users",
    year = "1988",
    howpublished = "Electronic document accompanying BibTeX
distribution"
}
@techreport{rahtz89,
    author = "Sebastian Rahtz",
    title = "A Survey of {T}ex and graphics",
    year = "1989",
    institution = "Department of Electronics and Computer Science",
    address = "University of Southampton, UK",
    number = "CSTR 89-7"
}
@article {ADFSST,
    AUTHOR = {Aldous, D. J. and Diaconis, P.},
     TITLE = {Strong uniform times and finite random walks},
   JOURNAL = {Adv. in Appl. Math.},
  FJOURNAL = {Advances in Applied Mathematics},
    VOLUME = {8},
      YEAR = {1987},
    NUMBER = {1},
     PAGES = {69--97},
      ISSN = {0196-8858},
   MRCLASS = {60J10 (60J15)},
  MRNUMBER = {876954 (88d:60175)},
MRREVIEWER = {G{\'e}rard Letac},
       DOI = {10.1016/0196-8858(87)90006-6},
       URL = {http://dx.doi.org/10.1016/0196-8858(87)90006-6},
}
@article {king,
    AUTHOR = {Kingman, J. F. C.},
     TITLE = {Random partitions in population genetics},
   JOURNAL = {Proc. Roy. Soc. London Ser. A},
  FJOURNAL = {Proceedings of the Royal Society. London. Series A.
              Mathematical, Physical and Engineering Sciences},
    VOLUME = {361},
      YEAR = {1978},
    NUMBER = {1704},
     PAGES = {1--20},
      ISSN = {0962-8444},
   MRCLASS = {92A15 (92A10)},
  MRNUMBER = {0526801 (58 \#26167)},
}
@article {king2,
    AUTHOR = {Kingman, J. F. C.},
     TITLE = {The representation of partition structures},
   JOURNAL = {J. London Math. Soc. (2)},
  FJOURNAL = {The Journal of the London Mathematical Society. Second Series},
    VOLUME = {18},
      YEAR = {1978},
    NUMBER = {2},
     PAGES = {374--380},
      ISSN = {0024-6107},
     CODEN = {JLMSAK},
   MRCLASS = {05A17 (92A10)},
  MRNUMBER = {509954 (80a:05018)},
MRREVIEWER = {R. G. Stanton},
       DOI = {10.1112/jlms/s2-18.2.374},
       URL = {http://dx.doi.org/10.1112/jlms/s2-18.2.374},
}
@book {durr,
    AUTHOR = {Durrett, R.},
     TITLE = {Probability models for {DNA} sequence evolution},
    SERIES = {Probability and its Applications (New York)},
   EDITION = {Second},
 PUBLISHER = {Springer},
   ADDRESS = {New York},
      YEAR = {2008},
     PAGES = {xii+431},
      ISBN = {978-0-387-78168-6},
   MRCLASS = {60-01 (92D10 92D15 92D20)},
  MRNUMBER = {2439767 (2009k:60001)},
MRREVIEWER = {Jan M. Swart},
}
@article{king3,
title = "The coalescent",
journal = "Stochastic Processes and their Applications",
volume = "13",
number = "3",
pages = "235 - 248",
year = "1982",
note = "",
issn = "0304-4149",
doi = "10.1016/0304-4149(82)90011-4",
url = "http://www.sciencedirect.com/science/article/pii/0304414982900114",
author = "J.F.C. Kingman",
keywords = "Genetical models",
keywords = "random equivalent relations",
keywords = "exchangeability",
keywords = "jump chain",
keywords = "haploid genealogy",
keywords = "coupling",
keywords = "Markov process"
}

@book {MCBK,
    AUTHOR = {Levin, D. A. and Peres, Y. and Wilmer, E. L.},
     TITLE = {Markov chains and mixing times},
      NOTE = {With a chapter by James G. Propp and David B. Wilson},
 PUBLISHER = {American Mathematical Society},
   ADDRESS = {Providence, RI},
      YEAR = {2009},
     PAGES = {xviii+371},
      ISBN = {978-0-8218-4739-8},
   MRCLASS = {60J10 (60-01 60J05 60K35 60K37 68U20 68W20)},
  MRNUMBER = {2466937 (2010c:60209)},
MRREVIEWER = {Olle H{\"a}ggstr{\"o}m},
}

@Unpublished{ALDF,
  author = 	 {Aldous, D. J. and Fill, J. A.},
  title =	 {Reversible {M}arkov {C}hains and {R}andom {W}alks on
                  {G}raphs},
  date = {200x},
  note =	 {Chapter drafts available from
               http://www.stat.Berkeley.EDU/users/aldous/book.html}
}
@article {SSDC,
    AUTHOR = {Fill, J. A.},
     TITLE = {Strong stationary duality for continuous-time {M}arkov chains.
              {I}. {T}heory},
   JOURNAL = {J. Theoret. Probab.},
  FJOURNAL = {Journal of Theoretical Probability},
    VOLUME = {5},
      YEAR = {1992},
    NUMBER = {1},
     PAGES = {45--70},
      ISSN = {0894-9840},
     CODEN = {JTPREO},
   MRCLASS = {60J27 (60G40)},
  MRNUMBER = {1144727 (93b:60163)},
MRREVIEWER = {David J. Aldous},
       DOI = {10.1007/BF01046778},
       URL = {http://dx.doi.org/10.1007/BF01046778},
}
@incollection {BIA,
    AUTHOR = {Biane, P.},
     TITLE = {Intertwining of {M}arkov semi-groups, some examples},
 BOOKTITLE = {S\'eminaire de {P}robabilit\'es, {XXIX}},
    SERIES = {Lecture Notes in Math.},
    VOLUME = {1613},
     PAGES = {30--36},
 PUBLISHER = {Springer},
   ADDRESS = {Berlin},
      YEAR = {1995},
   MRCLASS = {46L57 (47D07)},
  MRNUMBER = {1459446 (98k:46117)},
MRREVIEWER = {Fabio Cipriani},
       DOI = {10.1007/BFb0094197},
       URL = {http://dx.doi.org/10.1007/BFb0094197},
}
@article {CARPET,
    AUTHOR = {Carmona, P. and Petit, F. and Yor, M.},
     TITLE = {Beta-gamma random variables and intertwining relations between
              certain {M}arkov processes},
   JOURNAL = {Rev. Mat. Iberoamericana},
  FJOURNAL = {Revista Matem\'atica Iberoamericana},
    VOLUME = {14},
      YEAR = {1998},
    NUMBER = {2},
     PAGES = {311--367},
      ISSN = {0213-2230},
   MRCLASS = {60J25 (60G18 60J35 60J65)},
  MRNUMBER = {1654531 (2000b:60173)},
MRREVIEWER = {Juha Vuolle-Apiala},
}
@article {ROGPIT,
    AUTHOR = {Rogers, L. C. G. and Pitman, J. W.},
     TITLE = {Markov functions},
   JOURNAL = {Ann. Probab.},
  FJOURNAL = {The Annals of Probability},
    VOLUME = {9},
      YEAR = {1981},
    NUMBER = {4},
     PAGES = {573--582},
      ISSN = {0091-1798},
     CODEN = {APBYAE},
   MRCLASS = {60J25 (60J65)},
  MRNUMBER = {624684 (82j:60133)},
MRREVIEWER = {D. Kannan},
       URL =
              {http://links.jstor.org/sici?sici=0091-1798(198108)9:4<573:MF>2.0.CO;2-G&origin=MSN},
}
@incollection {MBHT2,
    AUTHOR = {Brown, M.},
     TITLE = {The first passage time distribution for a parallel exponential
              system with repair},
 BOOKTITLE = {Reliability and fault tree analysis ({C}onf., {U}niv.
              {C}alifornia, {B}erkeley, {C}alif., 1974)},
     PAGES = {365--396},
 PUBLISHER = {Soc. Indust. Appl. Math., Philadelphia, Pa.},
      YEAR = {1975},
   MRCLASS = {60K20 (62N05)},
  MRNUMBER = {0488354 (58 \#7903)},
MRREVIEWER = {B. Dimitrov},
}
@article {FPS,
    AUTHOR = {Fill, J. A.},
     TITLE = {An interruptible algorithm for perfect sampling via {M}arkov
              chains},
   JOURNAL = {Ann. Appl. Probab.},
  FJOURNAL = {The Annals of Applied Probability},
    VOLUME = {8},
      YEAR = {1998},
    NUMBER = {1},
     PAGES = {131--162},
      ISSN = {1050-5164},
   MRCLASS = {60J10 (60G40 62E25)},
  MRNUMBER = {1620346 (99g:60113)},
MRREVIEWER = {Olle H{\"a}ggstr{\"o}m},
       DOI = {10.1214/aoap/1027961037},
       URL = {http://dx.doi.org/10.1214/aoap/1027961037},
}
@article {MB,
    AUTHOR = {Brown, M.},
     TITLE = {Interlacing eigenvalues in time reversible {M}arkov chains},
   JOURNAL = {Math. Oper. Res.},
  FJOURNAL = {Mathematics of Operations Research},
    VOLUME = {24},
      YEAR = {1999},
    NUMBER = {4},
     PAGES = {847--864},
      ISSN = {0364-765X},
   MRCLASS = {60J27 (62N05 90C39)},
  MRNUMBER = {MR1854356 (2002h:60154)},
       DOI = {10.1287/moor.24.4.847},
       URL = {http://dx.doi.org/10.1287/moor.24.4.847},
}
	@article {PDLmBD,
    AUTHOR = {Diaconis, P. and Miclo, L.},
     TITLE = {On times to quasi-stationarity for birth and death processes},
   JOURNAL = {J. Theoret. Probab.},
  FJOURNAL = {Journal of Theoretical Probability},
    VOLUME = {22},
      YEAR = {2009},
    NUMBER = {3},
     PAGES = {558--586},
      ISSN = {0894-9840},
     CODEN = {JTPREO},
   MRCLASS = {60J27 (15A18 37A50 60G40 60J35 60J80)},
  MRNUMBER = {MR2530103},
MRREVIEWER = {Jan M. Swart},
       DOI = {10.1007/s10959-009-0234-6},
       URL = {http://dx.doi.org/10.1007/s10959-009-0234-6},
}

@article {MR2654550,
    AUTHOR = {Miclo, L.},
     TITLE = {On absorption times and {D}irichlet eigenvalues},
   JOURNAL = {ESAIM Probab. Stat.},
  FJOURNAL = {ESAIM. Probability and Statistics},
    VOLUME = {14},
      YEAR = {2010},
     PAGES = {117--150},
      ISSN = {1292-8100},
   MRCLASS = {60J10 (31C25 37Axx 60J27 60J80)},
  MRNUMBER = {2654550},
       DOI = {10.1051/ps:2008037},
       URL = {http://dx.doi.org/10.1051/ps:2008037},
}
@article{fk,
  title={Comparison Inequalities and Fastest-Mixing Markov Chains},
  author={Fill, J. A. and Kahn, J.},
  journal={Annals of Applied Probability},
volume={23(5)},
  year={2013},
pages={1778-1816}
}

@article {BrownShao87,
    AUTHOR = {Brown, M. and Shao, Y. S.},
     TITLE = {Identifying coefficients in the spectral representation for first passage time distributions},
   JOURNAL = {Probab. Engrg. Inform. Sci.},
  FJOURNAL = {Probability in the Engineering and Informational Sciences},
    VOLUME = {1},
      YEAR = {1987},
     PAGES = {69--74},
}

@article {JAFBD,
    AUTHOR = {Fill, J. A.},
     TITLE = {The passage time distribution for a birth-and-death chain:
              strong stationary duality gives a first stochastic proof},
   JOURNAL = {J. Theoret. Probab.},
  FJOURNAL = {Journal of Theoretical Probability},
    VOLUME = {22},
      YEAR = {2009},
    NUMBER = {3},
     PAGES = {543--557},
      ISSN = {0894-9840},
     CODEN = {JTPREO},
   MRCLASS = {60J10 (60G40 60J25 60J35)},
  MRNUMBER = {MR2530102},
MRREVIEWER = {Lothar Breuer},
       DOI = {10.1007/s10959-009-0235-5},
       URL = {http://dx.doi.org/10.1007/s10959-009-0235-5},
}
@PhdThesis{VL,
           title = {Intertwinings, interlacing eigenvalues, and strong stationary duality for diffusions},
          author = {Lyzinski, V.},
          school = {Johns Hopkins University},
           month = {January},
            year = {2013},
}
@article {MR2530104,
    AUTHOR = {Fill, J. A.},
     TITLE = {On hitting times and fastest strong stationary times for
              skip-free and more general chains},
   JOURNAL = {J. Theoret. Probab.},
  FJOURNAL = {Journal of Theoretical Probability},
    VOLUME = {22},
      YEAR = {2009},
    NUMBER = {3},
     PAGES = {587--600},
      ISSN = {0894-9840},
     CODEN = {JTPREO},
   MRCLASS = {60J25 (60G40 60J10 60J35)},
  MRNUMBER = {2530104},
       DOI = {10.1007/s10959-009-0233-7},
       URL = {http://dx.doi.org/10.1007/s10959-009-0233-7},
}

@incollection {AB,
    AUTHOR = {Aldous, D. J. and Brown, M.},
     TITLE = {Inequalities for rare events in time-reversible {M}arkov
              chains. {I}},
 BOOKTITLE = {Stochastic inequalities ({S}eattle, {WA}, 1991)},
    SERIES = {IMS Lecture Notes Monogr. Ser.},
    VOLUME = {22},
     PAGES = {1--16},
 PUBLISHER = {Inst. Math. Statist.},
   ADDRESS = {Hayward, CA},
      YEAR = {1992},
   MRCLASS = {60J27},
  MRNUMBER = {MR1228050 (94g:60132)},
MRREVIEWER = {Ursula Porod},
       DOI = {10.1214/lnms/1215461937},
       URL = {http://dx.doi.org/10.1214/lnms/1215461937},
}


@book {HJ,
    AUTHOR = {Horn, R. A. and Johnson, C. R.},
     TITLE = {Matrix analysis},
 PUBLISHER = {Cambridge University Press},
   ADDRESS = {Cambridge},
      YEAR = {1985},
     PAGES = {xiii+561},
      ISBN = {0-521-30586-1},
   MRCLASS = {15-01},
  MRNUMBER = {MR832183 (87e:15001)},
MRREVIEWER = {Shao Kuan Li},
}
@article {KM,
    AUTHOR = {Karlin, S. and McGregor, J.},
     TITLE = {Coincidence properties of birth and death processes},
   JOURNAL = {Pacific J. Math.},
  FJOURNAL = {Pacific Journal of Mathematics},
    VOLUME = {9},
      YEAR = {1959},
     PAGES = {1109--1140},
      ISSN = {0030-8730},
   MRCLASS = {60.00},
  MRNUMBER = {MR0114247 (22 \#5071)},
MRREVIEWER = {F. L. Spitzer},
}

@article {DFSST,
    AUTHOR = {Diaconis, P. and Fill, J. A.},
     TITLE = {Strong stationary times via a new form of duality},
   JOURNAL = {Ann. Probab.},
  FJOURNAL = {The Annals of Probability},
    VOLUME = {18},
      YEAR = {1990},
    NUMBER = {4},
     PAGES = {1483--1522},
      ISSN = {0091-1798},
     CODEN = {APBYAE},
   MRCLASS = {60J10 (60G40)},
  MRNUMBER = {MR1071805 (91m:60127)},
MRREVIEWER = {Hermann Thorisson},
       URL =
              {http://links.jstor.org/sici?sici=0091-1798(199010)18:4<1483:SSTVAN>2.0.CO;2-#&origin=MSN},
}

@article {MR99g:60113,
  AUTHOR =	 {Fill, J. A.},
  TITLE =	 {An interruptible algorithm for perfect sampling via
                  {M}arkov chains},
  JOURNAL =	 {Ann. Appl. Probab.},
  FJOURNAL =	 {The Annals of Applied Probability},
  VOLUME =	 8,
  YEAR =	 1998,
  NUMBER =	 1,
  PAGES =	 {131--162},
  ISSN =	 {1050-5164},
  MRCLASS =	 {60J10 (60G40 62E25)},
  MRNUMBER =	 {99g:60113},
  MRREVR =	 {Olle H{\"a}ggstr{\"o}m},
}

@article {MR2198701,
    AUTHOR = {Morris, B. and Peres, Y.},
     TITLE = {Evolving sets, mixing and heat kernel bounds},
   JOURNAL = {Probab. Theory Related Fields},
  FJOURNAL = {Probability Theory and Related Fields},
    VOLUME = {133},
      YEAR = {2005},
    NUMBER = {2},
     PAGES = {245--266},
      ISSN = {0178-8051},
     CODEN = {PTRFEU},
   MRCLASS = {60J10 (60J27)},
  MRNUMBER = {2198701 (2007a:60042)},
MRREVIEWER = {Da-Quan Jiang},
       DOI = {10.1007/s00440-005-0434-7},
       URL = {http://dx.doi.org/10.1007/s00440-005-0434-7},
}

@article {rogers,
    AUTHOR = {Rogers, L. C. G. and Pitman, J. W.},
     TITLE = {Markov functions},
   JOURNAL = {Ann. Probab.},
  FJOURNAL = {The Annals of Probability},
    VOLUME = {9},
      YEAR = {1981},
    NUMBER = {4},
     PAGES = {573--582},
      ISSN = {0091-1798},
     CODEN = {APBYAE},
   MRCLASS = {60J25 (60J65)},
  MRNUMBER = {624684 (82j:60133)},
MRREVIEWER = {D. Kannan},
       URL =
              {http://links.jstor.org/sici?sici=0091-1798(198108)9:4<573:MF>2.0.CO;2-G&origin=MSN},
}

@article {BAL,
    AUTHOR = {Balakrishnan, N. and Stepanov, A.},
     TITLE = {Two characterizations based on order statistics and records},
   JOURNAL = {J. Statist. Plann. Inference},
  FJOURNAL = {Journal of Statistical Planning and Inference},
    VOLUME = {124},
      YEAR = {2004},
    NUMBER = {2},
     PAGES = {273--287},
      ISSN = {0378-3758},
     CODEN = {JSPIDN},
   MRCLASS = {62E10 (62E15)},
  MRNUMBER = {2080365 (2005f:62018)},
MRREVIEWER = {Michael J. Evans},
       DOI = {10.1016/j.jspi.2003.07.001},
       URL = {http://dx.doi.org/10.1016/j.jspi.2003.07.001},
}
@article {NEV2,
    AUTHOR = {Nevzorov, V. B. and Ahsanullah, M.},
     TITLE = {Extremes and records for concomitants of order statistics and
              record values},
   JOURNAL = {J. Appl. Statist. Sci.},
  FJOURNAL = {Journal of Applied Statistical Science},
    VOLUME = {10},
      YEAR = {2001},
    NUMBER = {3},
     PAGES = {181--190},
      ISSN = {1067-5817},
   MRCLASS = {62G30},
  MRNUMBER = {1873366 (2002i:62102)},
}
@article {NEV1,
    AUTHOR = {Nevzorov, V. B. and Ahsanullah, M.},
     TITLE = {Characterizations of distributions by regressional properties
              of records},
   JOURNAL = {J. Appl. Statist. Sci.},
  FJOURNAL = {Journal of Applied Statistical Science},
    VOLUME = {13},
      YEAR = {2004},
    NUMBER = {1},
     PAGES = {33--39},
      ISSN = {1067-5817},
   MRCLASS = {62E10 (62G30)},
  MRNUMBER = {2091928 (2005h:62046)},
MRREVIEWER = {Barry C. Arnold},
}
@article {NAG1,
    AUTHOR = {Nagaraja, H. N. and Barlevy, Gadi},
     TITLE = {Characterizations using record moments in a random record
              model and applications},
   JOURNAL = {J. Appl. Probab.},
  FJOURNAL = {Journal of Applied Probability},
    VOLUME = {40},
      YEAR = {2003},
    NUMBER = {3},
     PAGES = {826--833},
      ISSN = {0021-9002},
     CODEN = {JPRBAM},
   MRCLASS = {62E10 (60G70 62G30)},
  MRNUMBER = {1993275 (2004h:62025)},
MRREVIEWER = {Barry C. Arnold},
       URL = {http://projecteuclid.org/getRecord?id=euclid.jap/1059060910},
}
@article {WRI,
    AUTHOR = {Haghighi-Talab, Dariush and Wright, Christopher},
     TITLE = {On the distribution of records in a finite sequence of
              observations, with an application to a road traffic problem},
   JOURNAL = {J. Appl. Probability},
  FJOURNAL = {Journal of Applied Probability},
    VOLUME = {10},
      YEAR = {1973},
     PAGES = {556--571},
      ISSN = {0021-9002},
   MRCLASS = {60K30},
  MRNUMBER = {0353500 (50 \#5983)},
}
@article {TATA,
    AUTHOR = {Tata, Mahabanoo N.},
     TITLE = {On outstanding values in a sequence of random variables},
   JOURNAL = {Z. Wahrscheinlichkeitstheorie und Verw. Gebiete},
    VOLUME = {12},
      YEAR = {1969},
     PAGES = {9--20},
   MRCLASS = {60.30},
  MRNUMBER = {0247655 (40 \#918)},
MRREVIEWER = {Simeon M. Berman},
}
@article {ROM,
    AUTHOR = {Roman, Steven},
     TITLE = {The logarithmic binomial formula},
   JOURNAL = {Amer. Math. Monthly},
  FJOURNAL = {The American Mathematical Monthly},
    VOLUME = {99},
      YEAR = {1992},
    NUMBER = {7},
     PAGES = {641--648},
      ISSN = {0002-9890},
     CODEN = {AMMYAE},
   MRCLASS = {05A40},
  MRNUMBER = {1176590 (93h:05014)},
MRREVIEWER = {Stanley Gill Williamson},
       DOI = {10.2307/2324994},
       URL = {http://dx.doi.org/10.2307/2324994},
}
@article {SLL,
    AUTHOR = {Lyons, Russell},
     TITLE = {Strong laws of large numbers for weakly correlated random
              variables},
   JOURNAL = {Michigan Math. J.},
  FJOURNAL = {The Michigan Mathematical Journal},
    VOLUME = {35},
      YEAR = {1988},
    NUMBER = {3},
     PAGES = {353--359},
      ISSN = {0026-2285},
   MRCLASS = {60F15},
  MRNUMBER = {978305 (90d:60038)},
MRREVIEWER = {Andrew D. Barbour},
       DOI = {10.1307/mmj/1029003816},
       URL = {http://dx.doi.org/10.1307/mmj/1029003816},
}
@ARTICLE{HT,
   AUTHOR  = {Hwang, Hsien-Kuei and  Tsai, Tsung-Hsi},
   TITLE   = {Multivariate records based on dominance},
   YEAR    = {2010},
   JOURNAL = {{\rm Preprint}},
   NOTE = {arXiv:1003.6119v1}
}
@article {BNS,
    AUTHOR = {Barndorff-Nielsen, O. and Sobel, M.},
     TITLE = {On the distribution of the number of admissible points in a
              vector random sample},
   JOURNAL = {Teor. Verojatnost. i Primenen.},
  FJOURNAL = {Akademija Nauk SSSR. Teorija Verojatnoste\u\i\ i ee
              Primenenija},
    VOLUME = {11},
      YEAR = {1966},
     PAGES = {283--305},
      ISSN = {0040-361x},
   MRCLASS = {60.20 (60.10)},
  MRNUMBER = {0207003 (34 \#6819)},
MRREVIEWER = {Bernard Harris},
}
@article {BD,
    AUTHOR = {Bai, Zhi-Dong and Devroye, Luc and Hwang, Hsien-Kuei and Tsai,
              Tsung-Hsi},
     TITLE = {Maxima in hypercubes},
   JOURNAL = {Random Structures Algorithms},
  FJOURNAL = {Random Structures \& Algorithms},
    VOLUME = {27},
      YEAR = {2005},
    NUMBER = {3},
     PAGES = {290--309},
      ISSN = {1042-9832},
   MRCLASS = {60C05 (60F05 60G55)},
  MRNUMBER = {2162600 (2006i:60009)},
MRREVIEWER = {Anant P. Godbole},
       DOI = {10.1002/rsa.20053},
       URL = {http://dx.doi.org/10.1002/rsa.20053},
}
@book{arnold98,
    author = "Barry Arnold and N. Balakrishnan and H.N. Nagaraja",
    title = "Records",
    year = "1998",
    publisher = "Wiley Series in Probability and Statistics",
    address = "New York"

}
@article {mccollab,
    AUTHOR = {Mena, R. and Murray, W.},
     TITLE = {Markov chains for collaboration},
   JOURNAL = {Math. Mag.},
  FJOURNAL = {Mathematics Magazine},
    VOLUME = {84},
      YEAR = {2011},
    NUMBER = {1},
     PAGES = {3--15},
      ISSN = {0025-570X},
     CODEN = {MAMGA8},
   MRCLASS = {60J10},
  MRNUMBER = {2793172},
       DOI = {10.4169/math.mag.84.1.003},
       URL = {http://dx.doi.org/10.4169/math.mag.84.1.003},
}

% This file was created with Citavi 6.3.0.0

@book{Abramowitz.1964,
 author = {Abramowitz, M. and Stegun, I. A.},
 year = {1964},
 title = {Handbook of Mathematical Functions with Formulas, Graphs, and Mathematical Tables},
 address = {New York},
 edition = {ninth Dover printing, tenth GPO printing},
 publisher = {Dover}
}


@article{Leeuw.2011,
 author = {de Leeuw, J. and Mair, P.},
 year = {2011},
 title = {Multidimensional scaling using majorization: SMACOF in R},
 journal = {Department of Statistics, UCLA}
}


@article{Leeuw.1984,
 author = {de Leeuw, J. and Stoop, I.},
 year = {1984},
 title = {Upper bounds for Kruskal's stress},
 pages = {391--402},
 volume = {49},
 number = {3},
 journal = {Psychometrika}
}


@book{LeslieLamport.1994,
 author = {{Leslie Lamport}},
 year = {1994},
 title = {Latex: A Document Preparation System},
 address = {Reading, Massachusetts},
 edition = {Second},
 publisher = {Addison-Wesley}
}


@book{Levin.2009,
 author = {Levin, D. A. and Peres, Y. and Wilmer, E. L.},
 year = {2009},
 title = {Markov chains and mixing times},
 address = {Providence, RI},
 publisher = {{American Mathematical Society}},
 isbn = {978-0-8218-4739-8}
}


@book{Levin.2009b,
 author = {Levin, D. A. and Peres, Y. and Wilmer, E. L.},
 year = {2009},
 title = {Markov chains and mixing times},
 address = {Providence, RI},
 publisher = {{American Mathematical Society}},
 isbn = {978-0-8218-4739-8}
}


@book{Liggett.1985,
 author = {Liggett, T. M.},
 year = {1985},
 title = {Interacting Particle Systems},
 publisher = {{Springer Berlin Heidelberg}}
}


@inproceedings{LihiZelnikmanor.2004,
 author = {{Lihi Zelnik-manor} and {Pietro Perona}},
 title = {Self-tuning spectral clustering},
 pages = {1601--1608},
 publisher = {{MIT Press}},
 booktitle = {Advances in Neural Information Processing Systems 17},
 year = {2004}
}


@article{Lyons.1988,
 author = {Lyons, Russell},
 year = {1988},
 title = {Strong laws of large numbers for weakly correlated random  variables},
 pages = {353--359},
 volume = {35},
 number = {3},
 journal = {Michigan Math. J.},
 url = {http://dx.doi.org/10.1307/mmj/1029003816}
}


@article{Lyons.1988b,
 author = {Lyons, R.},
 year = {1988},
 title = {Strong laws of large numbers for weakly correlated random  variables},
 pages = {353--359},
 volume = {35},
 number = {3},
 journal = {Michigan Math. J.},
 url = {http://dx.doi.org/10.1307/mmj/1029003816}
}


@phdthesis{Lyzinski.2013,
 author = {Lyzinski, V.},
 year = {2013},
 title = {Intertwinings, interlacing eigenvalues, and strong stationary duality for diffusions},
 school = {{Johns Hopkins University}}
}


@article{Lyzinski.2013b,
 author = {Lyzinski, V. and Adali, S. and Vogelstein, J. T. and Priebe, C. E.},
 year = {2013},
 title = {Seeded Graph Matching via  Joint Optimization of Fidelity and Commensurability},
 journal = {arXiv preprint, arXiv:1401.3813}
}


@article{Lyzinski.2014,
 author = {Lyzinski, V. and Fishkind, D. E. and Priebe, C. E.},
 year = {2014},
 title = {Seeded Graph Matching for Correlated Erdos-R{\`e}nyi Graphs},
 pages = {3693--3720},
 volume = {15},
 number = {Nov},
 journal = {Journal of Machine Learning Research}
}


@article{Lyzinski.2016,
 author = {Lyzinski, Vince and Park, Youngser and Priebe, Carey E. and Trosset, Michael W.},
 year = {2016},
 title = {Fast embedding for jofc using the raw stress criterion},
 journal = {Journal of Computational and Graphical Statistics}
}


@article{Lyzinski.2013c,
 author = {Lyzinski, V. and Sussman, D. and Tang, M. and Athreya, A. and Priebe, C. E.},
 year = {2013},
 title = {Perfect clustering for stochastic block model graphs via adjacency spectral embedding},
 journal = {arXiv preprint, arXiv:1310.0532}
}


@article{Lyzinski.2013d,
 author = {Lyzinski, V. and Sussman, D. and Tang, M. and Athreya, A. and Priebe, C. E.},
 year = {2013},
 title = {Perfect clustering for stochastic block model graphs via adjacency spectral embedding},
 journal = {arXiv preprint, arXiv:1310.0532}
}


@article{Lyzinski.2015,
 author = {Lyzinski, Vince and Sussman, Daniel L. and Fishkind, Donniell E. and Pao, Henry and Chen, Li and Vogelstein, Joshua T. and Park, Youngser and Priebe, Carey E.},
 year = {2015},
 title = {Spectral clustering for divide-and-conquer graph matching},
 pages = {70--87},
 volume = {47},
 journal = {Parallel Computing}
}


@phdthesis{Ma.2010,
 author = {Ma, Z.},
 year = {2010},
 title = {Disparate information fusion in the dissimilarity framework},
 school = {{Johns Hopkins University}}
}


@article{Ma.2012,
 author = {Ma, Z. and Marchette, D. J. and Priebe, C. E.},
 year = {2012},
 title = {Fusion and inference from multiple data sources in a commensurate space},
 pages = {187--193},
 volume = {5},
 number = {3},
 journal = {Statistical Analysis and Data Mining}
}


@article{Ma.2010b,
 author = {Ma, Z. and Priebe, C. E.},
 year = {2010},
 title = {Out-of-sample embedding using iterative majorization},
 journal = {submitted for publication}
}


@article{Mena.2011,
 author = {Mena, R. and Murray, W.},
 year = {2011},
 title = {Markov chains for collaboration},
 pages = {3--15},
 volume = {84},
 number = {1},
 journal = {Math. Mag.},
 url = {http://dx.doi.org/10.4169/math.mag.84.1.003}
}


@article{Miclo.2010,
 author = {Miclo, L.},
 year = {2010},
 title = {On absorption times and Dirichlet eigenvalues},
 pages = {117--150},
 volume = {14},
 journal = {ESAIM Probab. Stat.},
 url = {http://dx.doi.org/10.1051/ps:2008037}
}


@article{Miclo.2010b,
 author = {Miclo, L.},
 year = {2010},
 title = {On absorption times and Dirichlet eigenvalues},
 pages = {117--150},
 volume = {14},
 journal = {ESAIM Probab. Stat.},
 url = {http://dx.doi.org/10.1051/ps:2008037}
}


@article{Morris.2005,
 author = {Morris, B. and Peres, Y.},
 year = {2005},
 title = {Evolving sets, mixing and heat kernel bounds},
 pages = {245--266},
 volume = {133},
 number = {2},
 journal = {Probab. Theory Related Fields},
 url = {http://dx.doi.org/10.1007/s00440-005-0434-7}
}


@article{Morris.2005b,
 author = {Morris, B. and Peres, Y.},
 year = {2005},
 title = {Evolving sets, mixing and heat kernel bounds},
 pages = {245--266},
 volume = {133},
 number = {2},
 journal = {Probab. Theory Related Fields},
 url = {http://dx.doi.org/10.1007/s00440-005-0434-7}
}


@article{Nagaraja.2003,
 author = {Nagaraja, H. N. and Barlevy, Gadi},
 year = {2003},
 title = {Characterizations using record moments in a random record  model and applications},
 pages = {826--833},
 volume = {40},
 number = {3},
 journal = {J. Appl. Probab.},
 url = {http://projecteuclid.org/getRecord?id=euclid.jap/1059060910}
}


@article{Nagaraja.2003b,
 author = {Nagaraja, H. N. and Barlevy, G.},
 year = {2003},
 title = {Characterizations using record moments in a random record  model and applications},
 pages = {826--833},
 volume = {40},
 number = {3},
 journal = {J. Appl. Probab.},
 url = {http://projecteuclid.org/getRecord?id=euclid.jap/1059060910}
}


@incollection{Nastar.1996,
 author = {Nastar, C. and Moghaddam, B. and Pentland, A.},
 title = {Generalized image matching: Statistical learning of physically-based deformations},
 pages = {589--598},
 publisher = {Springer},
 booktitle = {Computer Vision ECCV'96},
 year = {1996}
}


@article{Nevzorov.2001,
 author = {Nevzorov, V. B. and Ahsanullah, M.},
 year = {2001},
 title = {Extremes and records for concomitants of order statistics and  record values},
 pages = {181--190},
 volume = {10},
 number = {3},
 journal = {J. Appl. Statist. Sci.}
}


@article{Nevzorov.2001b,
 author = {Nevzorov, V. B. and Ahsanullah, M.},
 year = {2001},
 title = {Extremes and records for concomitants of order statistics and  record values},
 pages = {181--190},
 volume = {10},
 number = {3},
 journal = {J. Appl. Statist. Sci.}
}


@article{Leeuw.2008,
 author = {Leeuw, Jan de and Mair, Patrick},
 year = {2008},
 title = {Multidimensional scaling using majorization: SMACOF in R}
}


@article{Leeuw.1980,
 author = {de Leeuw, J. and Heiser, W. J.},
 year = {1980},
 title = {Multidimensional scaling with restrictions on the configuration},
 pages = {501--522},
 volume = {5},
 journal = {Multivariate analysis}
}


@article{Leeuw.1980b,
 author = {de Leeuw, J. and Heiser, W. J.},
 year = {1980},
 title = {Multidimensional scaling with restrictions on the configuration},
 pages = {501--522},
 volume = {5},
 journal = {Multivariate analysis}
}


@article{Leeuw.1988,
 author = {de Leeuw, J.},
 year = {1988},
 title = {Convergence of the majorization method for multidimensional  scaling},
 pages = {163--180},
 volume = {5},
 number = {2},
 journal = {Journal of Classification},
 url = {http://dx.doi.org/10.1007/BF01897162}
}


@proceedings{.1988,
 year = {1988},
 title = {International meeting on the analysis of multiway data matrices, software guide}
}


@book{Ito.1974,
 author = {It{\^o}, K. and {McKean, Jr., H. P.}},
 year = {1974},
 title = {Diffusion processes and their sample paths},
 address = {Berlin},
 publisher = {Springer-Verlag}
}


@article{J.F.C.Kingman.1982,
 author = {{J.F.C. Kingman}},
 year = {1982},
 title = {The coalescent},
 pages = {235--248},
 volume = {13},
 number = {3},
 journal = {Stochastic Process. Appl.},
 url = {http://www.sciencedirect.com/science/article/pii/0304414982900114}
}


@article{Johnson.1967,
 author = {Johnson, S. C.},
 year = {1967},
 title = {Hierarchical clustering schemes},
 pages = {241--254},
 volume = {32},
 number = {3},
 journal = {Psychometrika}
}


@book{Jolliffe.2005,
 author = {Jolliffe, I.},
 year = {2005},
 title = {Principal component analysis},
 publisher = {{Wiley Online Library}}
}


@article{Jonker.1986,
 author = {Jonker, R. and Volgenant, T.},
 year = {1986},
 title = {Improving the Hungarian assignment algorithm},
 pages = {171--175},
 volume = {5},
 number = {4},
 journal = {Operations Research Letters}
}


@article{Jonker.1987,
 author = {Jonker, R. and Volgenant, A.},
 year = {1987},
 title = {A shortest augmenting path algorithm for dense and sparse linear assignment problems},
 pages = {325--340},
 volume = {38},
 number = {4},
 journal = {Computing}
}


@inproceedings{Karakos.2007,
 author = {Karakos, D. and Eisner, J. and Khudanpur, S. and Priebe, C. E.},
 title = {Cross-Instance Tuning of Unsupervised Document Clustering Algorithms},
 pages = {252--259},
 booktitle = {HLT-NAACL},
 year = {2007}
}


@article{Karlin.1959,
 author = {Karlin, S. and McGregor, J.},
 year = {1959},
 title = {Coincidence properties of birth and death processes},
 pages = {1109--1140},
 volume = {9},
 journal = {Pacific J. Math.}
}


@article{Karlin.1959b,
 author = {Karlin, S. and McGregor, J.},
 year = {1959},
 title = {Coincidence properties of birth and death processes},
 pages = {1109--1140},
 volume = {9},
 journal = {Pacific J. Math.}
}


@article{Karlin.1959c,
 author = {Karlin, S. and McGregor, J.},
 year = {1959},
 title = {Coincidence properties of birth and death properties},
 pages = {1109--1140},
 volume = {9},
 journal = {Pacific J. Math.}
}


@book{Karlin.1981,
 author = {Karlin, S. and Taylor, H. M.},
 year = {1981},
 title = {A second course in stochastic processes},
 address = {New York},
 publisher = {{Academic Press Inc. [Harcourt Brace Jovanovich Publishers]}},
 isbn = {0-12-398650-8}
}


@booklet{Kearsley.1995,
 author = {Kearsley, A. J. and Tapia, R. A. and Trosset, M. W.},
 year = {1995},
 title = {The solution of the metric STRESS and SSTRESS problems in multidimensional scaling using Newton's method}
}


@book{Keilson.1979,
 author = {Keilson, J.},
 year = {1979},
 title = {Markov Chain Models---Rarity and Exponentiality},
 address = {New York, NY},
 publisher = {Springer-Verlag}
}


@article{Nevzorov.2004,
 author = {Nevzorov, V. B. and Ahsanullah, M.},
 year = {2004},
 title = {Characterizations of distributions by regressional properties  of records},
 pages = {33--39},
 volume = {13},
 number = {1},
 journal = {J. Appl. Statist. Sci.}
}


@article{Kent.1980,
 author = {Kent, J. T.},
 year = {1980},
 title = {Eigenvalue expansions for diffusion hitting times},
 pages = {309--319},
 volume = {52},
 number = {3},
 journal = {Z. Wahrsch. Verw. Gebiete},
 url = {http://dx.doi.org/10.1007/BF00538895}
}


@article{Kim.2002,
 author = {Kim, Jeong Han and Sudakov, Benny and {van Vu}, H.},
 year = {2002},
 title = {On the asymmetry of random regular graphs and random graphs},
 pages = {216--224},
 volume = {21},
 number = {3-4},
 journal = {Random Structures {\&} Algorithms}
}


@article{Kingman.1978,
 author = {Kingman, J. F. C.},
 year = {1978},
 title = {Random partitions in population genetics},
 pages = {1--20},
 volume = {361},
 number = {1704},
 journal = {Proc. Roy. Soc. London Ser. A}
}


@article{Kingman.1978b,
 author = {Kingman, J. F. C.},
 year = {1978},
 title = {The representation of partition structures},
 pages = {374--380},
 volume = {18},
 number = {2},
 journal = {J. London Math. Soc. (2)},
 url = {http://dx.doi.org/10.1112/jlms/s2-18.2.374}
}


@book{Knight.1981,
 author = {Knight, F. B.},
 year = {1981},
 title = {Essentials of Brownian motion and diffusion},
 address = {Providence, R.I.},
 volume = {18},
 publisher = {{American Mathematical Society}},
 isbn = {0-8218-1518-0},
 series = {Mathematical Surveys}
}


@article{Kruskal.1964,
 author = {Kruskal, J. B.},
 year = {1964},
 title = {Multidimensional scaling by optimizing goodness of fit to a nonmetric hypothesis},
 pages = {1--27},
 volume = {29},
 number = {1},
 journal = {Psychometrika},
 url = {http://dx.doi.org/10.1007/BF02289565}
}


@article{Kuhn.2006,
 author = {Kuhn, H. W.},
 year = {2006},
 title = {The Hungarian method for the assignment problem},
 pages = {83--97},
 volume = {2},
 number = {1-2},
 journal = {Naval research logistics quarterly}
}


@incollection{Kurtz.2011,
 author = {Kurtz, T. G. and Nappo, G.},
 title = {The filtered martingale problem},
 pages = {129--165},
 publisher = {{Oxford Univ. Press}},
 booktitle = {The Oxford handbook of nonlinear filtering},
 year = {2011},
 address = {Oxford}
}


@article{Lafon.2006,
 author = {Lafon, S. and Keller, Y. and Coifman, R. R.},
 year = {2006},
 title = {Data fusion and multicue data matching by diffusion maps},
 pages = {1784--1797},
 volume = {28},
 number = {11},
 journal = {Pattern Analysis and Machine Intelligence, IEEE Transactions on}
}


@book{Lamperti.1977,
 author = {Lamperti, J.},
 year = {1977},
 title = {Stochastic processes},
 address = {New York},
 publisher = {Springer-Verlag}
}


@article{Larsen.1998,
 author = {Larsen, R. M.},
 year = {1998},
 title = {Lanczos bidiagonalization with partial reorthogonalization},
 volume = {27},
 number = {537},
 journal = {DAIMI Report Series}
}


@misc{Lawphongpanich.2009,
 author = {Lawphongpanich, S.},
 year = {2009},
 title = {Frank-Wolfe Algorithm},
 publisher = {Springer}
}


@article{Lee.2010,
 author = {Lee, Mihee and Shen, Haipeng and Huang, Jianhua Z. and Marron, J. S.},
 year = {2010},
 title = {Biclustering via sparse singular value decomposition},
 pages = {1087--1095},
 volume = {66},
 number = {4},
 journal = {Biometrics},
 url = {http://www.ncbi.nlm.nih.gov/pubmed/20163403}
}


@incollection{Leeuw.1977,
 author = {de Leeuw, J.},
 title = {Applications of convex analysis to multidimensional scaling},
 pages = {133--145},
 publisher = {North-Holland},
 booktitle = {Recent Developments in Statistics (Proc. European  Meeting Statisticians, Grenoble, 1976)},
 year = {1977},
 address = {Amsterdam}
}


@article{Leeuw.1988b,
 author = {de Leeuw, J.},
 year = {1988},
 title = {Convergence of the majorization method for multidimensional scaling},
 pages = {163--180},
 volume = {5},
 number = {2},
 journal = {Journal of Classification}
}


@article{Kettenring.1971,
 author = {Kettenring, J. R.},
 year = {1971},
 title = {Canonical analysis of several sets of variables},
 pages = {433--451},
 volume = {58},
 number = {3},
 journal = {Biometrika}
}


@proceedings{.,
 title = {in Proceedings of the 14th SIGKDD International Conference on Knowledge Discovery and Data Mining}
}


@article{Nevzorov.2004b,
 author = {Nevzorov, V. B. and Ahsanullah, M.},
 year = {2004},
 title = {Characterizations of distributions by regressional properties  of records},
 pages = {33--39},
 volume = {13},
 number = {1},
 journal = {J. Appl. Statist. Sci.}
}


@misc{OrenPatashnik.1988,
 author = {{Oren Patashnik}},
 year = {1988},
 title = {BibTeXing.  Documentation for General BibTeX users}
}


@book{.1992,
 year = {1992},
 title = {Stochastic inequalities (Seattle, WA, 1991)},
 address = {Hayward, CA},
 publisher = {{Inst. Math. Statist}},
 series = {IMS Lecture Notes Monogr. Ser}
}


@article{Stroock.1969,
 author = {Stroock, D. W. and Varadhan, S. R. S.},
 year = {1969},
 title = {Diffusion processes with continuous coefficients, I},
 pages = {345--400},
 volume = {22},
 number = {3},
 journal = {Communications on Pure and Applied Mathematics},
 url = {http://dx.doi.org/10.1002/cpa.3160220304}
}


@article{Stroock.1971,
 author = {Stroock, D. W. and Varadhan, S. R. S.},
 year = {1971},
 title = {Diffusion processes with boundary conditions},
 pages = {147--225},
 volume = {24},
 number = {2},
 journal = {Communications on Pure and Applied Mathematics},
 url = {http://dx.doi.org/10.1002/cpa.3160240206}
}


@book{Stroock.1979,
 author = {Stroock, D. W. and Varadhan, S. R. S.},
 year = {1979},
 title = {Multidimensional diffusion processes},
 address = {Berlin},
 volume = {233},
 publisher = {Springer-Verlag},
 isbn = {3-540-90353-4},
 series = {Grundlehren der Mathematischen Wissenschaften [Fundamental  Principles of Mathematical Sciences]}
}


@article{Sun.2013,
 author = {Sun, M. and Priebe, C. E.},
 year = {2013},
 title = {Efficiency investigation of manifold matching for text document classification},
 pages = {1263--1269},
 volume = {34},
 number = {11},
 journal = {Pattern Recognition Letters}
}


@article{Sun.2013b,
 author = {Sun, M. and Priebe, C. E. and Tang, M.},
 year = {2013},
 title = {Generalized canonical correlation analysis for disparate data fusion},
 pages = {194--200},
 volume = {34},
 number = {2},
 journal = {Pattern Recognition Letters}
}


@article{Sussman.2012,
 author = {Sussman, D. and Tang, M. and Fishkind, D. E. and Priebe, C. E.},
 year = {2012},
 title = {A consistent adjacency spectral embedding for stochastic blockmodel graphs},
 pages = {1119--1128},
 volume = {107},
 number = {499},
 journal = {Journal of the American Statistical Association}
}


@article{Sussman.2013,
 author = {Sussman, D. and Tang, M. and Priebe, C.},
 year = {2013},
 title = {Consistent latent position estimation and vertex classification for random dot product graphs}
}


@article{Tang.2013,
 author = {Tang, M. and Park, Y. and Priebe, C. E.},
 year = {2013},
 title = {Out-of-sample extension for latent position graphs},
 journal = {arXiv preprint, arXiv:1305.4893}
}


@article{Tata.1969,
 author = {Tata, Mahabanoo N.},
 year = {1969},
 title = {On outstanding values in a sequence of random variables},
 pages = {9--20},
 volume = {12},
 journal = {Z. Wahrscheinlichkeitstheorie und Verw. Gebiete}
}


@article{Tata.1969b,
 author = {Tata, M. N.},
 year = {1969},
 title = {On outstanding values in a sequence of random variables},
 pages = {9--20},
 volume = {12},
 journal = {Z. Wahrscheinlichkeitstheorie und Verw. Gebiete}
}


@article{Tenenhaus.2011,
 author = {Tenenhaus, A. and Tenenhaus, M.},
 year = {2011},
 title = {Regularized generalized canonical correlation analysis},
 pages = {257--284},
 volume = {76},
 number = {2},
 journal = {Psychometrika}
}


@book{.2011,
 year = {2011},
 title = {The Oxford handbook of nonlinear filtering},
 address = {Oxford},
 publisher = {{Oxford Univ. Press}}
}


@book{Titchmarsh.1962,
 author = {Titchmarsh, E. C.},
 year = {1962},
 title = {Eigenfunction expansions associated with second-order  differential equations. Part I},
 publisher = {{Clarendon Press, Oxford}},
 series = {Second Edition}
}


@article{Torgerson.1952,
 author = {Torgerson, W. S.},
 year = {1952},
 title = {Multidimensional scaling: I. Theory and method},
 pages = {401--419},
 volume = {17},
 number = {4},
 journal = {Psychometrika}
}


@article{Torgerson.1952b,
 author = {Torgerson, W. S.},
 year = {1952},
 title = {Multidimensional scaling: I. Theory and method},
 pages = {401--419},
 volume = {17},
 number = {4},
 journal = {Psychometrika}
}


@article{Trosset.2008,
 author = {Trosset, M. W. and Priebe, C. E.},
 year = {2008},
 title = {The out-of-sample problem for classical multidimensional scaling},
 pages = {4635--4642},
 volume = {52},
 number = {10},
 journal = {Computational Statistics and Data Analysis}
}


@article{Trosset.2008b,
 author = {Trosset, M. W. and Priebe, C. E.},
 year = {2008},
 title = {The out-of-sample problem for classical multidimensional scaling},
 pages = {4635--4642},
 volume = {52},
 number = {10},
 journal = {Computational statistics {\&} data analysis}
}


@article{Varshney.2011,
 author = {Varshney, L. R. and Chen, B. L. and Paniagua, E. and Hall, D. H. and Chklovskii, D. B.},
 year = {2011},
 title = {Structural properties of the Caenorhabditis elegans neuronal network},
 pages = {e1001066},
 volume = {7},
 number = {2},
 journal = {PLoS computational biology}
}


@inproceedings{Vinokourov.2002,
 author = {Vinokourov, A. and Cristianini, N. and Shawe-Taylor, J. S.},
 title = {Inferring a semantic representation of text via cross-language correlation analysis},
 pages = {1473--1480},
 booktitle = {Advances in Neural Information Processing Systems},
 year = {2002}
}


@article{Vogelstein.2011,
 author = {Vogelstein, J. T. and Conroy, J. M. and Podrazik, L. J. and Kratzer, S. G. and Harley, E. T. and Fishkind, D. E. and Vogelstein, R. J. and Priebe, C. E.},
 year = {2011},
 title = {Large (Brain) Graph Matching via Fast Approximate Quadratic Programming},
 journal = {arXiv preprint, arXiv:1112.5507}
}


@inproceedings{Wang.2008,
 author = {Wang, C. and Mahadevan, S.},
 title = {Manifold alignment using Procrustes analysis},
 pages = {1120--1127},
 booktitle = {Proceedings of the 25th International Conference on Machine Learning},
 year = {2008}
}


@inproceedings{Wang.2009,
 author = {Wang, C. and Mahadevan, S.},
 title = {Manifold Alignment without Correspondence},
 volume = {2},
 booktitle = {IJCAI},
 year = {2009}
}


@article{Wang.2007,
 author = {Wang, L. and Suter, D.},
 year = {2007},
 title = {Learning and matching of dynamic shape manifolds for human action recognition},
 pages = {1646--1661},
 volume = {16},
 number = {6},
 journal = {Image Processing, IEEE Transactions on}
}


@article{Wang.1987,
 author = {Wang, Y. J. and Wong, G. Y.},
 year = {1987},
 title = {Stochastic blockmodels for directed graphs},
 pages = {8--19},
 volume = {82},
 number = {397},
 journal = {Journal of the American Statistical Association}
}


@article{Woodbury.1950,
 author = {Woodbury, Max A.},
 year = {1950},
 title = {Inverting modified matrices},
 pages = {106},
 volume = {42},
 journal = {Memorandum report}
}


@inproceedings{Yen.,
 author = {Yen, L. and Saerens, M. and Mantrach, A. and Shimbo, M.},
 title = {A family of dissimilarity measures between nodes generalizing both the shortest-path and the commute-time distances},
 pages = {785--793},
 booktitle = {in Proceedings of the 14th SIGKDD International Conference on Knowledge Discovery and Data Mining}
}


@incollection{Young.2007,
 author = {Young, S. J. and Scheinerman, E. R.},
 title = {Random dot product graph models for social networks},
 pages = {138--149},
 publisher = {Springer},
 booktitle = {Algorithms and models for the web-graph},
 year = {2007}
}


@article{Zaslavskiy.2009,
 author = {Zaslavskiy, M. and Bach, F. and Vert, J-P},
 year = {2009},
 title = {A path following algorithm for the graph matching problem},
 pages = {2227--2242},
 volume = {31},
 number = {12},
 journal = {Pattern Analysis and Machine Intelligence, IEEE Transactions on}
}


@proceedings{SocietyforIndustrialandAppliedMathematics.2007,
 year = {2007},
 title = {Proceedings of the eighteenth annual ACM-SIAM symposium on Discrete algorithms},
 institution = {{Society for Industrial and Applied Mathematics}}
}


@article{Sneddon.1960,
 author = {Sneddon, I. N.},
 year = {1960},
 title = {On some infinite series involving the zeros of Bessel  functions of the first kind},
 pages = {144--156 (1960)},
 volume = {4},
 journal = {Proc. Glasgow Math. Assoc.}
}


@article{Shmoys.1993,
 author = {Shmoys, D. B. and Tardos, {\'E}.},
 year = {1993},
 title = {An approximation algorithm for the generalized assignment problem},
 pages = {461--474},
 volume = {62},
 number = {1},
 journal = {Mathematical Programming}
}


@article{Shi.2000,
 author = {Shi, J. and Malik, J.},
 year = {2000},
 title = {Normalized cuts and image segmentation},
 pages = {888--905},
 volume = {22},
 number = {8},
 journal = {Pattern Analysis and Machine Intelligence, IEEE Transactions on}
}


@article{Pan.2010,
 author = {Pan, S. J. and Yang, Q.},
 year = {2010},
 title = {A survey on transfer learning},
 pages = {1345--1359},
 volume = {22},
 number = {10},
 journal = {Knowledge and Data Engineering, IEEE Transactions on}
}


@inproceedings{Park.2015,
 author = {Park, Y. and Wang, H. and Nobauer, T. and Vaziri, A. and Priebe, C. E.},
 title = {Anomaly detection on whole-brain functional imaging of neuronal activity using graph scan statistics},
 booktitle = {ACM Conference on Knowledge Discovery and Data Mining, Workshop on Outlier Definition, Detection, and Description},
 year = {2015}
}


@article{Park.2015b,
 author = {Park, Youngser and Wang, Heng and Nobauer, Tobias and Vaziri, Alipasha},
 year = {2015},
 title = {Anomaly Detection on Whole-Brain Functional Imaging of Neuronal Activity using Graph Scan Statistics},
 journal = {21st ACM SIGKDD Conference on knowledge Discovery and Data Mining}
}


@book{Pekalska.2005,
 author = {Pekalska, E. and Duin, R.P.W.},
 year = {2005},
 title = {The dissimilarity representation for pattern recognition: foundations and applications},
 volume = {64},
 publisher = {{World Scientific Publishing Company Incorporated}}
}


@article{Prevedel.2014,
 author = {Prevedel, R. and Yoon, Y.-G. and Pak, M. and Wetzstein, N. and Kato, G. and Schrodel, S. and Raskar, T. and Zimmer, R. and Boyden, M. and Vaziri, A.},
 year = {2014},
 title = {Simultaneous wholeanimal 3D imaging of neuronal activity using light-field microscopy},
 journal = {Nature Methods}
}


@article{Prevedel.2014b,
 author = {Prevedel, R. and Yoon, Y.-G. and Hoffmann, M. and Pak, N. and Wetzstein, G. and Kato, S. and Schr{\"o}del, T. and Raskar, R. and Zimmer, M. and Boyden, E. S. and Vaziri, A.},
 year = {2014},
 title = {Simultaneous whole-animal 3D imaging of neuronal activity using light-field microscopy},
 journal = {Nature Methods}
}


@article{Priebe.2005,
 author = {Priebe, Carey E. and Conroy, John M. and Marchette, David J. and Park, Youngser},
 year = {2005},
 title = {Scan Statistics on Enron Graphs},
 pages = {229--247},
 volume = {11},
 number = {3},
 journal = {Comput. Math. Organ. Theory},
 url = {http://dx.doi.org/10.1007/s10588-005-5378-z}
}


@article{Priebe.2013,
 author = {Priebe, C. E. and Marchette, D. J. and Ma, Z. and Adali, S.},
 year = {2013},
 title = {Manifold matching: joint optimization of fidelity and commensurability},
 pages = {377--400},
 volume = {27},
 number = {3},
 journal = {Brazilian Journal of Probability and Statistics}
}


@proceedings{.2010,
 year = {2010},
 title = {Proceedings of the 27th International Conference on Machine Learning}
}


@phdthesis{RajaManickam.2009,
 author = {RajaManickam, Sivasankaran},
 year = {2009},
 title = {Efficient Algorithms for Sparse Singular Value Decomposition},
 school = {{University of Florida}}
}


@book{.1977,
 year = {1977},
 title = {Recent Developments in Statistics (Proc. European  Meeting Statisticians, Grenoble, 1976)},
 address = {Amsterdam},
 publisher = {North-Holland}
}


@book{.1975,
 year = {1975},
 title = {Reliability and fault tree analysis (Conf., Univ.  California, Berkeley, Calif., 1974)},
 publisher = {{Soc. Indust. Appl. Math., Philadelphia, Pa}}
}


@article{Rogers.1981,
 author = {Rogers, L. C. G. and Pitman, J. W.},
 year = {1981},
 title = {Markov functions},
 pages = {573--582},
 volume = {9},
 number = {4},
 journal = {Ann. Probab.}
}


@article{Rogers.1981b,
 author = {Rogers, L. C. G. and Pitman, J. W.},
 year = {1981},
 title = {Markov functions},
 pages = {573--582},
 volume = {9},
 number = {4},
 journal = {Ann. Probab.}
}


@article{Oliveira.2009,
 author = {Oliveira, R. I.},
 year = {2009},
 title = {Concentration of the adjacency matrix and of the Laplacian in random graphs with independent edges},
 journal = {arXiv preprint, arXiv:0911.0600}
}


@article{Rogers.1981c,
 author = {Rogers, L. C. G. and Pitman, J. W.},
 year = {1981},
 title = {Markov functions},
 pages = {573--582},
 volume = {9},
 number = {4},
 journal = {Ann. Probab.}
}


@book{Rogers.2000,
 author = {Rogers, L. C. G. and Williams, D.},
 year = {2000},
 title = {Diffusions, Markov processes, and martingales. Vol. 2},
 address = {Cambridge},
 publisher = {{Cambridge University Press}},
 isbn = {0-521-77593-0},
 series = {Cambridge Mathematical Library}
}


@article{Roman.1992,
 author = {Roman, Steven},
 year = {1992},
 title = {The logarithmic binomial formula},
 pages = {641--648},
 volume = {99},
 number = {7},
 journal = {Amer. Math. Monthly},
 url = {http://dx.doi.org/10.2307/2324994}
}


@article{Roman.1992b,
 author = {Roman, S.},
 year = {1992},
 title = {The logarithmic binomial formula},
 pages = {641--648},
 volume = {99},
 number = {7},
 journal = {Amer. Math. Monthly},
 url = {http://dx.doi.org/10.2307/2324994}
}


@inproceedings{Sahami.2006,
 author = {Sahami, M. and Heilman, T. D.},
 title = {A web-based kernel function for measuring the similarity of short text snippets},
 pages = {377--386},
 booktitle = {Proceedings of the 15th International Conference on the World Wide Web},
 year = {2006}
}


@article{Sahni.1976,
 author = {Sahni, S. and Gonzalez, T.},
 year = {1976},
 title = {P-complete approximation problems},
 pages = {555--565},
 volume = {23},
 number = {3},
 journal = {Journal of the ACM (JACM)}
}


@incollection{Scholkopf.1997,
 author = {Sch{\"o}lkopf, B. and Smola, A. and M{\"u}ller, K.-R.},
 title = {Kernel principal component analysis},
 pages = {583--588},
 publisher = {Springer},
 booktitle = {Artificial Neural Networks---ICANN'97},
 year = {1997}
}


@article{Schonemann.1966,
 author = {Sch{\"o}nemann, P. H.},
 year = {1966},
 title = {A generalized solution of the orthogonal Procrustes problem},
 pages = {1--10},
 volume = {31},
 number = {1},
 journal = {Psychometrika}
}


@article{Schulz.1980,
 author = {Schulz, U.},
 year = {1980},
 title = {An alternative procedure for the analysis of similarity data and its comparison to the Idioscal-and Indscal-procedure},
 pages = {140--149},
 journal = {Lantermann (Eds.), Similarity and choice}
}


@booklet{SebastianRahtz.1989,
 author = {{Sebastian Rahtz}},
 year = {1989},
 title = {A Survey of Tex and graphics},
 address = {University of Southampton, UK},
 number = {CSTR 89-7}
}


@book{.1995,
 year = {1995},
 title = {S{\'e}minaire de Probabilit{\'e}s, XXIX},
 address = {Berlin},
 publisher = {Springer},
 series = {Lecture Notes in Math}
}


@inproceedings{Sharma.2012,
 author = {Sharma, Abhishek and Kumar, Abhishek and Daume, Hal and Jacobs, David W.},
 title = {Generalized multiview analysis: A discriminative latent space},
 pages = {2160--2167},
 booktitle = {Computer Vision and Pattern Recognition (CVPR), 2012 IEEE Conference on},
 year = {2012}
}


@book{Sharpe.1988,
 author = {Sharpe, M.},
 year = {1988},
 title = {General theory of Markov processes},
 address = {Boston, MA},
 volume = {133},
 publisher = {{Academic Press Inc}},
 isbn = {0-12-639060-6},
 series = {Pure and Applied Mathematics}
}


@article{Shen.2014,
 author = {Shen, C. and Priebe, C. E.},
 year = {2014},
 title = {Manifold Matching using Shortest-Path Distance and Joint Neighborhood Selection},
 journal = {arXiv preprint, arXiv:1412.4098}
}


@article{Shen.2016,
 author = {Shen, Cencheng and Vogelstein, Joshua T. and Priebe, Carey E.},
 year = {2016},
 title = {Manifold Matching using Shortest-Path Distance and Joint Neighborhood Selection},
 journal = {arXiv preprint arXiv:1412.4098}
}


@article{Rogers.1981d,
 author = {Rogers, L. C. G. and Pitman, J. W.},
 year = {1981},
 title = {Markov functions},
 pages = {573--582},
 volume = {9},
 number = {4},
 journal = {Ann. Probab.}
}


@inproceedings{Zhang.1996,
 author = {Zhang, T. and Ramakrishnan, R. and Livny, M.},
 title = {BIRCH: an efficient data clustering method for very large databases},
 pages = {103--114},
 volume = {25},
 booktitle = {ACM SIGMOD Record},
 year = {1996}
}


@proceedings{.2009,
 year = {2009},
 title = {IJCAI}
}


@proceedings{IEEE.2004,
 year = {2004},
 title = {Proceedings of the 2004 IEEE Computer Society Conference on Computer Vision and Pattern Recognition, 2004},
 institution = {IEEE}
}


@article{Bengio.2004,
 author = {Bengio, Y. and Paiement, J.-F. and Vincent, P. and Delalleau, O. and {Le Roux}, N. and Ouimet, M.},
 year = {2004},
 title = {Out-of-sample extensions for lle, isomap, mds, eigenmaps, and spectral clustering},
 pages = {177--184},
 volume = {16},
 journal = {Advances in neural information processing systems}
}


@article{Berry.1992,
 author = {Berry, M. W.},
 year = {1992},
 title = {Large-scale sparse singular value computations},
 pages = {13--49},
 volume = {6},
 number = {1},
 journal = {International Journal of Supercomputer Applications}
}


@article{Beskos.2006,
 author = {Beskos, A. and Papaspiliopoulos, O. and Roberts, G. O.},
 year = {2006},
 title = {Retrospective exact simulation of diffusion sample paths with  applications},
 pages = {1077--1098},
 volume = {12},
 number = {6},
 journal = {Bernoulli},
 url = {http://dx.doi.org/10.3150/bj/1165269151}
}


@book{Bhattacharya.1990,
 author = {Bhattacharya, R. N. and Waymire, E. C.},
 year = {1990},
 title = {Stochastic processes with applications},
 address = {New York},
 publisher = {{John Wiley {\&} Sons Inc}},
 isbn = {0-471-84272-9},
 series = {Wiley Series in Probability and Mathematical Statistics:  Applied Probability and Statistics}
}


@incollection{Biane.1995,
 author = {Biane, P.},
 title = {Intertwining of Markov semi-groups, some examples},
 pages = {30--36},
 volume = {1613},
 publisher = {Springer},
 series = {Lecture Notes in Math},
 booktitle = {S{\'e}minaire de Probabilit{\'e}s, XXIX},
 year = {1995},
 address = {Berlin},
 url = {http://dx.doi.org/10.1007/BFb0094197}
}


@incollection{Biane.1995b,
 author = {Biane, P.},
 title = {Intertwining of Markov semi-groups, some examples},
 pages = {30--36},
 volume = {1613},
 publisher = {Springer},
 series = {Lecture Notes in Math},
 booktitle = {S{\'e}minaire de Probabilit{\'e}s, XXIX},
 year = {1995},
 address = {Berlin},
 url = {http://dx.doi.org/10.1007/BFb0094197}
}


@book{Billingsley.1999,
 author = {Billingsley, P.},
 year = {1999},
 title = {Convergence of probability measures},
 address = {New York},
 edition = {Second},
 publisher = {{John Wiley {\&} Sons Inc}},
 isbn = {0-471-19745-9},
 series = {Wiley Series in Probability and Statistics: Probability and  Statistics}
}


@book{Bollobas.2001,
 author = {Bollob{\'a}s, B{\'e}la},
 year = {2001},
 title = {Random graphs},
 address = {Cambridge},
 edition = {Second},
 volume = {73},
 publisher = {{Cambridge University Press}},
 isbn = {0-521-80920-7},
 series = {Cambridge Studies in Advanced Mathematics},
 url = {http://dx.doi.org/10.1017/CBO9780511814068}
}


@book{Borg.2005,
 author = {Borg, I. and Groenen, P.J.F.},
 year = {2005},
 title = {Modern Multidimensional Scaling: Theory and Applications},
 publisher = {Springer}
}


@book{Borg.2005b,
 author = {Borg, I. and Groenen, P. J. F.},
 year = {2005},
 title = {Modern Multidimensional Scaling: Theory and Applications},
 publisher = {Springer}
}


@article{Brand.2006,
 author = {Brand, M.},
 year = {2006},
 title = {Fast low-rank modifications of the thin singular value decomposition},
 pages = {20--30},
 volume = {415},
 number = {1},
 journal = {Linear algebra and its applications}
}


@incollection{Brown.1975,
 author = {Brown, M.},
 title = {The first passage time distribution for a parallel exponential  system with repair},
 pages = {365--396},
 publisher = {{Soc. Indust. Appl. Math., Philadelphia, Pa}},
 booktitle = {Reliability and fault tree analysis (Conf., Univ.  California, Berkeley, Calif., 1974)},
 year = {1975}
}


@incollection{Brown.1975b,
 author = {Brown, M.},
 title = {The first passage time distribution for a parallel exponential  system with repair},
 pages = {365--396},
 publisher = {{Soc. Indust. Appl. Math., Philadelphia, Pa}},
 booktitle = {Reliability and fault tree analysis (Conf., Univ.  California, Berkeley, Calif., 1974)},
 year = {1975}
}


@article{Brown.1999,
 author = {Brown, M.},
 year = {1999},
 title = {Interlacing eigenvalues in time reversible Markov chains},
 pages = {847--864},
 volume = {24},
 number = {4},
 journal = {Math. Oper. Res.},
 url = {http://dx.doi.org/10.1287/moor.24.4.847}
}


@article{Brown.1999b,
 author = {Brown, M.},
 year = {1999},
 title = {Interlacing eigenvalues in time reversible Markov chains},
 pages = {847--864},
 volume = {24},
 number = {4},
 journal = {Math. Oper. Res.},
 url = {http://dx.doi.org/10.1287/moor.24.4.847}
}


@article{Brown.1987,
 author = {Brown, M. and Shao, Y. S.},
 year = {1987},
 title = {Identifying coefficients in the spectral representation for first passage time distributions},
 pages = {69--74},
 volume = {1},
 journal = {Probab. Engrg. Inform. Sci.}
}


@article{Brown.1987b,
 author = {Brown, M. and Shao, Y. S.},
 year = {1987},
 title = {Identifying coefficients in the spectral representation for first passage time distributions},
 pages = {69--74},
 volume = {1},
 journal = {Probab. Engrg. Inform. Sci.}
}


@article{Bunke.2008,
 author = {Bunke, H. and Riesen, K.},
 year = {2008},
 title = {Graph classification based on dissimilarity space embedding},
 pages = {996--1007},
 journal = {Structural, Syntactic, and Statistical Pattern Recognition}
}


@article{Calogero.1977,
 author = {Calogero, F.},
 year = {1977},
 title = {On the zeros of bessel functions},
 pages = {254--256},
 volume = {20},
 number = {7},
 journal = {Lettere Al Nuovo Cimento (1971 -- 1985)},
 url = {http://dx.doi.org/10.1007/BF02785164}
}


@article{Carmona.1998,
 author = {Carmona, P. and Petit, F. and Yor, M.},
 year = {1998},
 title = {Beta-gamma random variables and intertwining relations between  certain Markov processes},
 pages = {311--367},
 volume = {14},
 number = {2},
 journal = {Rev. Mat. Iberoamericana}
}


@article{Carmona.1998b,
 author = {Carmona, P. and Petit, F. and Yor, M.},
 year = {1998},
 title = {Beta-gamma random variables and intertwining relations between  certain Markov processes},
 pages = {311--367},
 volume = {14},
 number = {2},
 journal = {Rev. Mat. Iberoamericana}
}


@article{Carroll.1970,
 author = {Carroll, J. D. and Chang, J.-J.},
 year = {1970},
 title = {Analysis of individual differences in multidimensional scaling via an N-way generalization of ``Eckart-Young'' decomposition},
 pages = {283--319},
 volume = {35},
 number = {3},
 journal = {Psychometrika}
}


@article{Carroll.1974,
 author = {Carroll, J. D. and Wish, M.},
 year = {1974},
 title = {Models and methods for three-way multidimensional scaling},
 pages = {57--105},
 volume = {2},
 journal = {Contemporary developments in mathematical psychology}
}


@article{Casella.2011,
 author = {Casella, B. and Roberts, G. O.},
 year = {2011},
 title = {Exact Simulation of Jump-Diffusion Processes with Monte Carlo Applications},
 pages = {449--473},
 volume = {13},
 number = {3},
 journal = {Methodology and Computing in Applied Probability},
 url = {http://dx.doi.org/10.1007/s11009-009-9163-1}
}


@phdthesis{Castle.2012,
 author = {Castle, B.},
 year = {2012},
 title = {Quasi-newton methods for stochastic optimization and proximity-based methods for disparate information fusion},
 address = {Department of Computer Science},
 school = {{Indiana University}}
}


@article{Cattrysse.1992,
 author = {Cattrysse, D. G. and {van Wassenhove}, L. N.},
 year = {1992},
 title = {A survey of algorithms for the generalized assignment problem},
 pages = {260--272},
 volume = {60},
 number = {3},
 journal = {European Journal of Operational Research}
}


@article{Chung.2006,
 author = {Chung, Fan and Lu, Linyuan},
 year = {2006},
 title = {Concentration inequalities and martingale inequalities: a survey},
 pages = {79--127},
 volume = {3},
 number = {1},
 journal = {Internet Mathematics}
}


@proceedings{Citeseer.2007,
 year = {2007},
 title = {HLT-NAACL},
 institution = {Citeseer}
}


@misc{Commandeur.1993,
 author = {Commandeur, J.J.F. and Heiser, W. J.},
 year = {1993},
 title = {Mathematical derivations in the proximity scaling (PROXSCAL) of symmetric data matrices},
 publisher = {{Leiden: Department of Data Theory, University of Leiden}}
}


@article{Baxter.1977,
 author = {Baxter, J. R. and Chacon, R. V.},
 year = {1977},
 title = {Compactness of stopping times},
 pages = {169--181},
 volume = {40},
 number = {3},
 journal = {Z. Wahrscheinlichkeitstheorie und Verw. Gebiete}
}


@book{BarryArnold.1998,
 author = {{Barry Arnold} and {N. Balakrishnan} and {H.N. Nagaraja}},
 year = {1998},
 title = {Records},
 address = {New York},
 publisher = {{Wiley Series in Probability and Statistics}}
}


@book{BarryArnold.1998b,
 author = {{Barry Arnold} and {N. Balakrishnan} and {H.N. Nagaraja}},
 year = {1998},
 title = {Records},
 address = {New York},
 publisher = {{Wiley Series in Probability and Statistics}}
}


@article{BarndorffNielsen.1966,
 author = {Barndorff-Nielsen, O. and Sobel, M.},
 year = {1966},
 title = {On the distribution of the number of admissible points in a  vector random sample},
 pages = {283--305},
 volume = {11},
 journal = {Teor. Verojatnost. i Primenen.}
}


@proceedings{ACM.1996,
 year = {1996},
 title = {ACM SIGMOD Record},
 institution = {ACM}
}


@proceedings{ACM.2006,
 year = {2006},
 title = {Proceedings of the 15th International Conference on the World Wide Web},
 institution = {ACM}
}


@proceedings{ACM.2008,
 year = {2008},
 title = {Proceedings of the 25th International Conference on Machine Learning},
 institution = {ACM}
}


@proceedings{.2015,
 year = {2015},
 title = {ACM Conference on Knowledge Discovery and Data Mining, Workshop on Outlier Definition, Detection, and Description}
}


@phdthesis{Adali.2014,
 author = {Adali, Sancar},
 year = {2014},
 title = {Joint Optimization of Fidelity and Commensurability for Manifold Alignment and Graph Matching},
 school = {{Johns Hopkins University}}
}


@article{Adali.2013,
 author = {Adali, S. and Fishkind, D. E. and Lyzinski, V. and Priebe, C. E. and Vogelstein, J. T.},
 year = {2013},
 title = {Matching C. elegans Connectomes},
 journal = {In preparation}
}


@article{Adali.2015,
 author = {Adali, S. and Priebe, C. E.},
 year = {2015},
 title = {Fidelity-Commensurability Tradeoff in Joint Embedding of Disparate Dissimilarities},
 volume = {To appear},
 journal = {Journal of Classification}
}


@article{Adamic.2003,
 author = {Adamic, Lada A. and Adar, Eytan},
 year = {2003},
 title = {Friends and neighbors on the Web},
 pages = {211--230},
 journal = {Social Networls}
}


@proceedings{.2002,
 year = {2002},
 title = {Advances in Neural Information Processing Systems}
}


@proceedings{.2004,
 year = {2004},
 title = {Advances in Neural Information Processing Systems 17},
 publisher = {{MIT Press}}
}


@proceedings{.2005,
 year = {2005},
 title = {AISTATS}
}


@incollection{Aldous.1992,
 author = {Aldous, D. J. and Brown, M.},
 title = {Inequalities for rare events in time-reversible Markov  chains. I},
 pages = {1--16},
 volume = {22},
 publisher = {{Inst. Math. Statist}},
 series = {IMS Lecture Notes Monogr. Ser},
 booktitle = {Stochastic inequalities (Seattle, WA, 1991)},
 year = {1992},
 address = {Hayward, CA},
 url = {http://dx.doi.org/10.1214/lnms/1215461937}
}


@incollection{Aldous.1992b,
 author = {Aldous, D. J. and Brown, M.},
 title = {Inequalities for rare events in time-reversible Markov  chains. I},
 pages = {1--16},
 volume = {22},
 publisher = {{Inst. Math. Statist}},
 series = {IMS Lecture Notes Monogr. Ser},
 booktitle = {Stochastic inequalities (Seattle, WA, 1991)},
 year = {1992},
 address = {Hayward, CA},
 url = {http://dx.doi.org/10.1214/lnms/1215461937}
}


@article{Aldous.1987,
 author = {Aldous, D. J. and Diaconis, P.},
 year = {1987},
 title = {Strong uniform times and finite random walks},
 pages = {69--97},
 volume = {8},
 number = {1},
 journal = {Adv. in Appl. Math.},
 url = {http://dx.doi.org/10.1016/0196-8858(87)90006-6}
}


@book{.1996,
 year = {1996},
 title = {Computer Vision ECCV'96},
 publisher = {Springer}
}


@article{Aldous.1987b,
 author = {Aldous, D. J. and Diaconis, P.},
 year = {1987},
 title = {Strong uniform times and finite random walks},
 pages = {69--97},
 volume = {8},
 number = {1},
 journal = {Adv. in Appl. Math.},
 url = {http://dx.doi.org/10.1016/0196-8858(87)90006-6}
}


@booklet{Aldous.200x,
 author = {Aldous, D. J. and Fill, J. A.},
 year = {200x},
 title = {Reversible Markov Chains and Random Walks on  Graphs}
}


@book{.2007,
 year = {2007},
 title = {Algorithms and models for the web-graph},
 publisher = {Springer}
}


@article{Alon.1997,
 author = {Alon, Noga and Kim, Jeong-Han and Spencer, Joel},
 year = {1997},
 title = {Nearly perfect matchings in regular simple hypergraphs},
 pages = {171--187},
 volume = {100},
 number = {1},
 journal = {Israel journal of mathematics}
}


@article{Angelelli.2008,
 author = {Angelelli, J. B. and Baudot, A. and Brun, C. and Gu{\'e}noche, A.},
 year = {2008},
 title = {Two local dissimilarity measures for weighted graphs with application to protein interaction networks},
 pages = {3--16},
 volume = {2},
 number = {1},
 journal = {Advances in Data Analysis and Classification}
}


@inproceedings{Arthur.2007,
 author = {Arthur, David and Vassilvitskii, Sergei},
 title = {k-means++: The advantages of careful seeding},
 pages = {1027--1035},
 booktitle = {Proceedings of the eighteenth annual ACM-SIAM symposium on Discrete algorithms},
 year = {2007}
}


@book{.1997,
 year = {1997},
 title = {Artificial Neural Networks---ICANN'97},
 publisher = {Springer}
}


@article{Athreya.2013,
 author = {Athreya, A. and Lyzinski, V. and Marchette, D. J. and Priebe, C. E. and Sussman, D. L. and Tang, M.},
 year = {2013},
 title = {A limit theorem for scaled eigenvectors of random dot product graphs},
 journal = {arXiv preprint, arXiv:1305.7388}
}


@article{Baglama.2005,
 author = {Baglama, J. and Reichel, L.},
 year = {2005},
 title = {Augmented implicitly restarted Lanczos bidiagonalization methods},
 pages = {19--42},
 volume = {27},
 number = {1},
 journal = {SIAM Journal on Scientific Computing}
}


@article{Bahmani.2012,
 author = {Bahmani, Bahman and Moseley, Benjamin and Vattani, Andrea and Kumar, Ravi and Vassilvitskii, Sergei},
 year = {2012},
 title = {Scalable k-means++},
 pages = {622--633},
 volume = {5},
 number = {7},
 journal = {Proceedings of the VLDB Endowment}
}


@article{Bai.2005,
 author = {Bai, Zhi-Dong and Devroye, Luc and Hwang, Hsien-Kuei and Tsai, Tsung-Hsi},
 year = {2005},
 title = {Maxima in hypercubes},
 pages = {290--309},
 volume = {27},
 number = {3},
 journal = {Random Structures Algorithms},
 url = {http://dx.doi.org/10.1002/rsa.20053}
}


@article{Bai.2005b,
 author = {Bai, Zhi-Dong and Devroye, Luc and Hwang, Hsien-Kuei and Tsai, Tsung-Hsi},
 year = {2005},
 title = {Maxima in hypercubes},
 pages = {290--309},
 volume = {27},
 number = {3},
 journal = {Random Structures Algorithms},
 url = {http://dx.doi.org/10.1002/rsa.20053}
}


@article{Balakrishnan.2004,
 author = {Balakrishnan, N. and Stepanov, A.},
 year = {2004},
 title = {Two characterizations based on order statistics and records},
 pages = {273--287},
 volume = {124},
 number = {2},
 journal = {J. Statist. Plann. Inference},
 url = {http://dx.doi.org/10.1016/j.jspi.2003.07.001}
}


@article{Balakrishnan.2004b,
 author = {Balakrishnan, N. and Stepanov, A.},
 year = {2004},
 title = {Two characterizations based on order statistics and records},
 pages = {273--287},
 volume = {124},
 number = {2},
 journal = {J. Statist. Plann. Inference},
 url = {http://dx.doi.org/10.1016/j.jspi.2003.07.001}
}


@article{BarndorffNielsen.1966b,
 author = {Barndorff-Nielsen, O. and Sobel, M.},
 year = {1966},
 title = {On the distribution of the number of admissible points in a  vector random sample},
 pages = {283--305},
 volume = {11},
 journal = {Teor. Verojatnost. i Primenen.}
}


@booklet{Aldous.200xb,
 author = {Aldous, D. J. and Fill, J. A.},
 year = {200x},
 title = {Reversible Markov Chains and Random Walks on  Graphs}
}


@proceedings{IEEE.2012,
 year = {2012},
 title = {Computer Vision and Pattern Recognition (CVPR), 2012 IEEE Conference on},
 institution = {IEEE}
}


@article{Conte.2004,
 author = {Conte, D. and Foggia, P. and Sansone, C. and Vento, M.},
 year = {2004},
 title = {Thirty years of graph matching in pattern recognition},
 pages = {265--298},
 volume = {18},
 number = {03},
 journal = {International journal of pattern recognition and artificial intelligence}
}


@article{Cox.1984,
 author = {Cox, J. T. and R{\"o}sler, U.},
 year = {1984},
 title = {A duality relation for entrance and exit laws for Markov  processes},
 pages = {141--156},
 volume = {16},
 number = {2},
 journal = {Stochastic Process. Appl.},
 url = {http://dx.doi.org/10.1016/0304-4149(84)90015-2}
}


@article{Fill.2000,
 author = {Fill, J. A. and Machida, M. and Murdoch, D. J. and Rosenthal, J. S.},
 year = {2000},
 title = {Extension of Fill's perfect rejection sampling  algorithm to general chains},
 pages = {290--316},
 volume = {17},
 number = {3-4},
 journal = {Random Structures Algorithms}
}


@article{Fiori.2013,
 author = {Fiori, M. and Sprechmann, P. and Vogelstein, J. and Mus{\'e}, P. and Sapiro, G.},
 year = {2013},
 title = {Robust Multimodal Graph Matching: Sparse Coding Meets Graph Matching},
 journal = {Neural Information Processing Systems (NIPS) spotlight}
}


@article{Fishkind.2019,
 author = {Fishkind, D. E. and Adali, S. and Patsolic, H. and Meng, L. and Singh, D. and Lyzinski, V. and Priebe, C. E.},
 year = {2019},
 title = {Seeded Graph Matching},
 pages = {203--215},
 volume = {87},
 journal = {Pattern Recognition}
}


@article{Fishkind.2012,
 author = {Fishkind, D. E. and Sussman, D. and Tang, M. and Vogelstein, J. T. and Priebe, C. E.},
 year = {2012},
 title = {Consistent adjacency-spectral partitioning for the stochastic block model when the model parameters are unknown},
 journal = {arxiv preprint, arXiv:1205.0309}
}


@article{Fraley.1999,
 author = {Fraley, C. and Raftery, A. E.},
 year = {1999},
 title = {MCLUST: Software for model-based cluster analysis},
 pages = {297--306},
 volume = {16},
 number = {2},
 journal = {Journal of Classification}
}


@article{Frank.1956,
 author = {Frank, M. and Wolfe, P.},
 year = {1956},
 title = {An algorithm for quadratic programming},
 pages = {95--110},
 volume = {3},
 number = {1-2},
 journal = {Naval research logistics quarterly}
}


@book{Garey.1979,
 author = {Garey, M. R. and Johnson, D. S.},
 year = {1979},
 title = {Computers and intractability: A guide to the theory of NP-completeness},
 publisher = {{W.H. Freeman}}
}


@book{Garey.1979b,
 author = {Garey, M. R. and Johnson, D. S.},
 year = {1979},
 title = {Computers and intractability},
 volume = {174},
 publisher = {{Freeman New York}}
}


@article{GeorgeD.Greenwade.1993,
 author = {{George D. Greenwade}},
 year = {1993},
 title = {The Comprehensive Tex Archive Network (CTAN)},
 pages = {342--351},
 volume = {14},
 number = {3},
 journal = {TUGBoat}
}


@article{Gower.2006,
 author = {Gower, J. C.},
 year = {2006},
 title = {An application of the modified Leverrier--Faddeev algorithm to the spectral decomposition of symmetric block-circulant matrices},
 pages = {89--106},
 volume = {50},
 number = {1},
 journal = {Computational Statistics and Data Analysis}
}


@article{Gower.,
 author = {Gower, J. C. and Groenen, P. J. F.},
 title = {Applications of the Modified Leverrier-Faddeev Algorithm for the Construction of Explicit Matrix Spectral Decompositons and Inverses},
 volume = {40},
 journal = {Utilitas Mathematica}
}


@article{Gray.2012,
 author = {Gray, W. R. and Bogovic, J. A. and Vogelstein, J. T. and Landman, B. A. and Prince, J. L. and Vogelstein, R. J.},
 year = {2012},
 title = {Magnetic resonance connectome automated pipeline: an overview},
 pages = {42--48},
 volume = {3},
 number = {2},
 journal = {Pulse, IEEE}
}


@article{Gray.2013,
 author = {Gray, W. R. and {et al.}},
 year = {2013},
 title = {MIGRAINE: MRI graph reliability analysis and inference for connectomics},
 journal = {GlobalSIP}
}


@article{HaghighiTalab.1973,
 author = {Haghighi-Talab, Dariush and Wright, Christopher},
 year = {1973},
 title = {On the distribution of records in a finite sequence of  observations, with an application to a road traffic problem},
 pages = {556--571},
 volume = {10},
 journal = {J. Appl. Probab.}
}


@article{HaghighiTalab.1973b,
 author = {Haghighi-Talab, D. and Wright, C.},
 year = {1973},
 title = {On the distribution of records in a finite sequence of  observations, with an application to a road traffic problem},
 pages = {556--571},
 volume = {10},
 journal = {J. Appl. Probab.}
}


@inproceedings{Ham.2003,
 author = {Ham, Ji Hun and Lee, Daniel D. and Saul, Lawrence K.},
 title = {Learning high dimensional correspondences from low dimensional manifolds},
 booktitle = {ICML},
 year = {2003}
}


@inproceedings{Ham.2005,
 author = {Ham, Jihun and Lee, Daniel D. and Saul, Lawrence K.},
 title = {Semisupervised alignment of manifolds},
 pages = {120--127},
 booktitle = {AISTATS},
 year = {2005}
}


@article{Hardoon.2004,
 author = {Hardoon, D. and Szedmak, S. and Shawe-Taylor, J. S.},
 year = {2004},
 title = {Canonical correlation analysis: An overview with application to learning methods},
 pages = {2639--2664},
 volume = {16},
 number = {12},
 journal = {Neural Computation}
}


@article{Harshman.1984,
 author = {Harshman, R. A. and Lundy, M. E.},
 year = {1984},
 title = {The PARAFAC model for three-way factor analysis and multidimensional scaling},
 pages = {122--215},
 journal = {Research methods for multimode data analysis}
}


@article{Hartigan.1979,
 author = {Hartigan, J. A. and Wong, M. A.},
 year = {1979},
 title = {Algorithm AS 136: A k-means clustering algorithm},
 pages = {100--108},
 volume = {28},
 number = {1},
 journal = {Journal of the Royal Statistical Society. Series C (Applied Statistics)}
}


@inproceedings{Heiser.1988,
 author = {Heiser, W. J.},
 title = {PROXSCAL, multidimensional scaling of proximities},
 pages = {77--81},
 booktitle = {International meeting on the analysis of multiway data matrices, software guide},
 year = {1988}
}


@article{Holland.1983,
 author = {Holland, P. W. and Laskey, K. B. and Leinhardt, S.},
 year = {1983},
 title = {Stochastic blockmodels: First steps},
 pages = {109--137},
 volume = {5},
 number = {2},
 journal = {Social networks}
}


@article{Holley.1979,
 author = {Holley, R. and Stroock, D.},
 year = {1979},
 title = {Dual processes and their application to infinite interacting  systems},
 pages = {149--174},
 volume = {32},
 number = {2},
 journal = {Adv. in Math.},
 url = {http://dx.doi.org/10.1016/0001-8708(79)90040-9}
}


@book{Horn.1985,
 author = {Horn, R. A. and Johnson, C. R.},
 year = {1985},
 title = {Matrix analysis},
 address = {Cambridge},
 publisher = {{Cambridge University Press}},
 isbn = {0-521-30586-1}
}


@book{Horn.1985b,
 author = {Horn, R. A. and Johnson, C. R.},
 year = {1985},
 title = {Matrix analysis},
 address = {Cambridge},
 publisher = {{Cambridge University Press}},
 isbn = {0-521-30586-1}
}


@article{Hubert.1985,
 author = {Hubert, L. and Arabie, P.},
 year = {1985},
 title = {Comparing partitions},
 pages = {193--218},
 volume = {2},
 number = {1},
 journal = {Journal of Classification}
}


@article{Hwang.2010,
 author = {Hwang, Hsien-Kuei and Tsai, Tsung-Hsi},
 year = {2010},
 title = {Multivariate records based on dominance},
 journal = {$\backslash$rm Preprint}
}


@article{Hwang.2010b,
 author = {Hwang, Hsien-Kuei and Tsai, Tsung-Hsi},
 year = {2010},
 title = {Multivariate records based on dominance},
 journal = {$\backslash$rm Preprint}
}


@proceedings{.2003,
 year = {2003},
 title = {ICML}
}


@article{Fill.onlinein2012,
 author = {Fill, James Allen and Lyzinski, Vince},
 year = {online in 2012},
 title = {Hitting Times and Interlacing Eigenvalues: A Stochastic Approach Using Intertwinings},
 journal = {Journal of Theoretical Probability}
}


@article{Fill.2013,
 author = {Fill, J. A. and Lyzinski, V.},
 year = {2013},
 title = {Strong stationary duality for diffusion processes},
 journal = {In preparation}
}


@article{Fill.2012,
 author = {Fill, J. A. and Lyzinski, V.},
 year = {2012},
 title = {Hitting Times and Interlacing Eigenvalues: A Stochastic Approach Using Intertwinings},
 pages = {1--28},
 journal = {Journal of Theoretical Probability},
 url = {http://dx.doi.org/10.1007/s10959-012-0457-9}
}


@article{Fill.2011,
 author = {Fill, J. A. and Kolokoltsov, V. N.},
 year = {2011},
 title = {Strong stationary duality for continuous-time Markov chains. Part I: Theory: Markov processes, semigroups and generators},
 pages = {xviii+430},
 volume = {38},
 number = {1},
 journal = {Journal of Theoretical Probability},
 url = {http://dx.doi.org/10.1007/BF01046778}
}


@inproceedings{DanielTing.2010,
 author = {{Daniel Ting} and {Ling Huang} and {Michael I. Jordan}},
 title = {An Analysis of the Convergence of Graph Laplacians},
 booktitle = {Proceedings of the 27th International Conference on Machine Learning},
 year = {2010}
}


@article{Deerwester.1990,
 author = {Deerwester, S. C. and Dumais, S. T. and Landauer, T. K. and Furnas, G. W. and Harshman, R. A.},
 year = {1990},
 title = {Indexing by latent semantic analysis},
 pages = {391--407},
 volume = {41},
 number = {6},
 journal = {JASIS}
}


@book{Dembo.2010,
 author = {Dembo, Amir and Zeitouni, Ofer},
 year = {2010},
 title = {Large deviations techniques and applications},
 address = {Berlin},
 volume = {38},
 publisher = {Springer-Verlag},
 isbn = {978-3-642-03310-0},
 series = {Stochastic Modelling and Applied Probability},
 url = {http://dx.doi.org/10.1007/978-3-642-03311-7}
}


@article{Diaconis.1990,
 author = {Diaconis, P. and Fill, J. A.},
 year = {1990},
 title = {Strong stationary times via a new form of duality},
 pages = {1483--1522},
 volume = {18},
 number = {4},
 journal = {Ann. Probab.}
}


@article{Diaconis.1990b,
 author = {Diaconis, P. and Fill, J. A.},
 year = {1990},
 title = {Strong stationary times via a new form of duality},
 pages = {1483--1522},
 volume = {18},
 number = {4},
 journal = {Ann. Probab.}
}


@article{Diaconis.2009,
 author = {Diaconis, P. and Miclo, L.},
 year = {2009},
 title = {On times to quasi-stationarity for birth and death processes},
 pages = {558--586},
 volume = {22},
 number = {3},
 journal = {Journal of Theoretical Probability},
 url = {http://dx.doi.org/10.1007/s10959-009-0234-6}
}


@article{Diaconis.2009b,
 author = {Diaconis, P. and Miclo, L.},
 year = {2009},
 title = {On times to quasi-stationarity for birth and death processes},
 pages = {558--586},
 volume = {22},
 number = {3},
 journal = {Journal of Theoretical Probability},
 url = {http://dx.doi.org/10.1007/s10959-009-0234-6}
}


@article{Diaconis.2006,
 author = {Diaconis, P. and Saloff-Coste, L.},
 year = {2006},
 title = {Separation cut-offs for birth and death chains},
 pages = {2098--2122},
 volume = {16},
 number = {4},
 journal = {Ann. Appl. Probab.},
 url = {http://dx.doi.org/10.1214/105051606000000501}
}


@book{DonaldE.Knuth.1979,
 author = {{Donald E. Knuth}},
 year = {1979},
 title = {Tex and Metafont, New Directions in Typesetting},
 address = {Stanford},
 publisher = {{American Mathematical Society and Digital Press}}
}


@book{Duda.2012,
 author = {Duda, R. O. and Hart, P. E. and Stork, D. G.},
 year = {2012},
 title = {Pattern classification},
 publisher = {{John Wiley {\&} Sons}}
}


@book{Durrett.1996,
 author = {Durrett, R.},
 year = {1996},
 title = {Stochastic calculus},
 address = {Boca Raton, FL},
 publisher = {{CRC Press}},
 isbn = {0-8493-8071-5},
 series = {Probability and Stochastics Series}
}


@book{Durrett.2008,
 author = {Durrett, R.},
 year = {2008},
 title = {Probability models for DNA sequence evolution},
 address = {New York},
 edition = {Second},
 publisher = {Springer},
 isbn = {978-0-387-78168-6},
 series = {Probability and its Applications (New York)}
}


@book{Dynkin.1965,
 author = {Dynkin, E. B.},
 year = {1965},
 title = {Markov processes. Vols. I, II},
 address = {Publishers, New York},
 volume = {122},
 publisher = {{Academic Press Inc}},
 series = {Translated with the authorization and assistance of the author  by J. Fabius, V. Greenberg, A. Maitra, G. Majone. Die  Grundlehren der Mathematischen Wissenschaften, B{\"a}nde 121}
}


@inproceedings{Elgammal.2004,
 author = {Elgammal, A. and Lee, C.-S.},
 title = {Inferring 3D body pose from silhouettes using activity manifold learning},
 pages = {II--681},
 volume = {2},
 booktitle = {Proceedings of the 2004 IEEE Computer Society Conference on Computer Vision and Pattern Recognition, 2004},
 year = {2004}
}


@book{Cox.2010,
 author = {Cox, T. F. and Cox, M. A. A.},
 year = {2010},
 title = {Multidimensional scaling},
 publisher = {{CRC Press}}
}


@article{Elhamifar.2012,
 author = {Elhamifar, E. and Vidal, R.},
 year = {2012},
 title = {Sparse subspace clustering: Algorithm, theory, and applications}
}


@book{Etheridge.2011,
 author = {Etheridge, A.},
 year = {2011},
 title = {Some mathematical models from population genetics},
 address = {Heidelberg},
 volume = {2012},
 publisher = {Springer},
 isbn = {978-3-642-16631-0},
 series = {Lecture Notes in Mathematics}
}


@article{Ethier.1976,
 author = {Ethier, S. N.},
 year = {1976},
 title = {A class of degenerate diffusion processes occurring in  population genetics},
 pages = {483--493},
 volume = {29},
 number = {5},
 journal = {Comm. Pure Appl. Math.}
}


@book{Ethier.1986,
 author = {Ethier, S. N. and Kurtz, T. G.},
 year = {1986},
 title = {Markov processes},
 address = {New York},
 publisher = {{John Wiley {\&} Sons Inc}},
 isbn = {0-471-08186-8},
 series = {Wiley Series in Probability and Mathematical Statistics:  Probability and Mathematical Statistics},
 url = {http://dx.doi.org/10.1002/9780470316658}
}


@article{Fill.1992,
 author = {Fill, J. A.},
 year = {1992},
 title = {Strong stationary duality for continuous-time Markov chains.  I. Theory},
 pages = {45--70},
 volume = {5},
 number = {1},
 journal = {Journal of Theoretical Probability},
 url = {http://dx.doi.org/10.1007/BF01046778}
}


@article{Fill.1992b,
 author = {Fill, J. A.},
 year = {1992},
 title = {Strong stationary duality for continuous-time Markov chains,  I. Theory},
 pages = {45--70},
 volume = {5},
 number = {1},
 journal = {Journal of Theoretical Probability},
 url = {http://dx.doi.org/10.1007/BF01046778}
}


@article{Fill.1998,
 author = {Fill, J. A.},
 year = {1998},
 title = {An interruptible algorithm for perfect sampling via  Markov chains},
 pages = {131--162},
 volume = {8},
 number = {1},
 journal = {Ann. Appl. Probab.}
}


@article{Fill.1998b,
 author = {Fill, J. A.},
 year = {1998},
 title = {An interruptible algorithm for perfect sampling via Markov  chains},
 pages = {131--162},
 volume = {8},
 number = {1},
 journal = {Ann. Appl. Probab.},
 url = {http://dx.doi.org/10.1214/aoap/1027961037}
}


@article{Fill.1998c,
 author = {Fill, J. A.},
 year = {1998},
 title = {An interruptible algorithm for perfect sampling via Markov  chains},
 pages = {131--162},
 volume = {8},
 number = {1},
 journal = {Ann. Appl. Probab.},
 url = {http://dx.doi.org/10.1214/aoap/1027961037}
}


@article{Fill.1998d,
 author = {Fill, J. A.},
 year = {1998},
 title = {An interruptible algorithm for perfect sampling via Markov  chains},
 pages = {131--162},
 volume = {8},
 number = {1},
 journal = {Ann. Appl. Probab.},
 url = {http://dx.doi.org/10.1214/aoap/1027961037}
}


@article{Fill.2009,
 author = {Fill, J. A.},
 year = {2009},
 title = {On hitting times and fastest strong stationary times for  skip-free and more general chains},
 pages = {587--600},
 volume = {22},
 number = {3},
 journal = {Journal of Theoretical Probability},
 url = {http://dx.doi.org/10.1007/s10959-009-0233-7}
}


@article{Fill.2009b,
 author = {Fill, J. A.},
 year = {2009},
 title = {On hitting times and fastest strong stationary times for  skip-free and more general chains},
 pages = {587--600},
 volume = {22},
 number = {3},
 journal = {Journal of Theoretical Probability},
 url = {http://dx.doi.org/10.1007/s10959-009-0233-7}
}


@article{Fill.2009c,
 author = {Fill, J. A.},
 year = {2009},
 title = {The passage time distribution for a birth-and-death chain:  strong stationary duality gives a first stochastic proof},
 pages = {543--557},
 volume = {22},
 number = {3},
 journal = {Journal of Theoretical Probability},
 url = {http://dx.doi.org/10.1007/s10959-009-0235-5}
}


@article{Fill.2009d,
 author = {Fill, J. A.},
 year = {2009},
 title = {The passage time distribution for a birth-and-death chain:  strong stationary duality gives a first stochastic proof},
 pages = {543--557},
 volume = {22},
 number = {3},
 journal = {Journal of Theoretical Probability},
 url = {http://dx.doi.org/10.1007/s10959-009-0235-5}
}


@article{Fill.2013b,
 author = {Fill, J. A. and Kahn, J.},
 year = {2013},
 title = {Comparison Inequalities and Fastest-Mixing Markov Chains},
 pages = {1778--1816},
 volume = {23(5)},
 journal = {Annals of Applied Probability}
}


@article{Eppstein.2000,
 author = {Eppstein, D.},
 year = {2000},
 title = {Fast hierarchical clustering and other applications of dynamic closest pairs},
 pages = {1},
 volume = {5},
 journal = {Journal of Experimental Algorithmics (JEA)}
}


@article{Zhu.2006,
 author = {Zhu, M. and Ghodsi, A.},
 year = {2006},
 title = {Automatic dimensionality selection from the scree plot via the use of profile likelihood},
 pages = {918--930},
 volume = {51},
 number = {2},
 journal = {Computational statistics {\&} data analysis}
}


